<?xml version="1.0" encoding="UTF-8"?>
<!DOCTYPE html PUBLIC "-//W3C//DTD XHTML 1.0 Transitional//EN"
    "http://www.w3.org/TR/xhtml1/DTD/xhtml1-transitional.dtd">
<html xmlns="http://www.w3.org/1999/xhtml" xml:lang="en" lang="en">
 <head>
  <title>
</title>
<meta http-equiv="Content-Type" content="text/html;charset=utf-8" />
  <meta name='ocr-system' content='tesseract 3.04.00' />
  <meta name='ocr-capabilities' content='ocr_page ocr_carea ocr_par ocr_line ocrx_word'/>
</head>
<body>
  <div class='ocr_page' id='page_1' title='image "./pcorneliitacitio01taciuoft_0267.png"; bbox 0 0 2254 3770; ppageno 0'>
   <div class='ocr_carea' id='block_1_1' title="bbox 726 273 1331 334">
    <p class='ocr_par' dir='ltr' id='par_1_1' title="bbox 726 273 1331 334">
     <span class='ocr_line' id='line_1_1' title="bbox 726 273 1331 334; baseline -0.003 -16"><span class='ocrx_word' id='word_1_1' title='bbox 726 273 881 318; x_wconf 84' lang='lat' dir='ltr'>LIBER</span> <span class='ocrx_word' id='word_1_2' title='bbox 909 274 973 317; x_wconf 91' lang='lat' dir='ltr'>1v.</span> <span class='ocrx_word' id='word_1_3' title='bbox 1033 273 1133 332; x_wconf 63' lang='lat' dir='ltr'>cap.</span> <span class='ocrx_word' id='word_1_4' title='bbox 1165 273 1233 321; x_wconf 87' lang='lat'>33.</span> <span class='ocrx_word' id='word_1_5' title='bbox 1264 273 1331 334; x_wconf 81' lang='lat'>34.</span> 
     </span>
    </p>
   </div>
   <div class='ocr_carea' id='block_1_2' title="bbox 166 374 2008 1416">
    <p class='ocr_par' dir='ltr' id='par_1_2' title="bbox 166 374 2008 1416">
     <span class='ocr_line' id='line_1_2' title="bbox 169 374 1997 437; baseline -0.003 -11"><span class='ocrx_word' id='word_1_6' title='bbox 169 382 250 426; x_wconf 90' lang='lat' dir='ltr'>dae</span> <span class='ocrx_word' id='word_1_7' title='bbox 279 382 390 425; x_wconf 84' lang='lat' dir='ltr'>vitae</span> <span class='ocrx_word' id='word_1_8' title='bbox 409 387 563 437; x_wconf 81' lang='lat' dir='ltr'>certus,</span> <span class='ocrx_word' id='word_1_9' title='bbox 596 380 638 423; x_wconf 91' lang='lat' dir='ltr'>in</span> <span class='ocrx_word' id='word_1_10' title='bbox 667 381 780 423; x_wconf 92' lang='lat' dir='ltr'>hunc</span> <span class='ocrx_word' id='word_1_11' title='bbox 810 378 984 423; x_wconf 92' lang='lat' dir='ltr'>modum</span> <span class='ocrx_word' id='word_1_12' title='bbox 1013 392 1192 423; x_wconf 85' lang='lat' dir='ltr'>exorsus</span> <span class='ocrx_word' id='word_1_13' title='bbox 1222 386 1308 423; x_wconf 90' lang='lat' dir='ltr'>est:</span> <span class='ocrx_word' id='word_1_14' title='bbox 1343 374 1643 437; x_wconf 9' lang='lat' dir='ltr'>«verbaw&#39;mea,</span> <span class='ocrx_word' id='word_1_15' title='bbox 1674 384 1816 436; x_wconf 91' lang='lat' dir='ltr'>patres</span> <span class='ocrx_word' id='word_1_16' title='bbox 1846 391 1948 421; x_wconf 90' lang='lat' dir='ltr'>con-</span> <span class='ocrx_word' id='word_1_17' title='bbox 1995 408 1997 410; x_wconf 77' lang='lat'>·</span> 
     </span>
     <span class='ocr_line' id='line_1_3' title="bbox 169 452 1948 515; baseline -0.003 -14"><span class='ocrx_word' id='word_1_18' title='bbox 169 457 332 515; x_wconf 89' lang='lat' dir='ltr'>scripti,</span> <span class='ocrx_word' id='word_1_19' title='bbox 372 461 625 514; x_wconf 85' lang='lat' dir='ltr'>arguuntur:</span> <span class='ocrx_word' id='word_1_20' title='bbox 670 455 780 499; x_wconf 86' lang='lat' dir='ltr'>adeo</span> <span class='ocrx_word' id='word_1_21' title='bbox 817 454 1022 498; x_wconf 87' lang='lat' dir='ltr'>factorum</span> <span class='ocrx_word' id='word_1_22' title='bbox 1061 455 1265 498; x_wconf 86' lang='lat' dir='ltr'><strong>innocens</strong></span> <span class='ocrx_word' id='word_1_23' title='bbox 1305 469 1412 498; x_wconf 92' lang='lat' dir='ltr'>sum.</span> <span class='ocrx_word' id='word_1_24' title='bbox 1457 454 1533 499; x_wconf 90' lang='lat' dir='ltr'>sed</span> <span class='ocrx_word' id='word_1_25' title='bbox 1564 467 1716 512; x_wconf 68' lang='lat' dir='ltr'>,neque</span> <span class='ocrx_word' id='word_1_26' title='bbox 1757 452 1867 497; x_wconf 90' lang='lat' dir='ltr'>haec</span> <span class='ocrx_word' id='word_1_27' title='bbox 1905 453 1948 495; x_wconf 91' lang='lat' dir='ltr'>in</span> 
     </span>
     <span class='ocr_line' id='line_1_4' title="bbox 167 528 1949 590; baseline -0.003 -15"><span class='ocrx_word' id='word_1_28' title='bbox 167 531 403 590; x_wconf 83' lang='lat' dir='ltr'><strong>principem</strong></span> <span class='ocrx_word' id='word_1_29' title='bbox 431 537 504 575; x_wconf 86' lang='lat' dir='ltr'>aut</span> <span class='ocrx_word' id='word_1_30' title='bbox 532 530 735 589; x_wconf 86' lang='lat' dir='ltr'>principis</span> <span class='ocrx_word' id='word_1_31' title='bbox 763 535 992 588; x_wconf 90' lang='lat' dir='ltr'>parentem,</span> <span class='ocrx_word' id='word_1_32' title='bbox 1025 543 1136 588; x_wconf 91' lang='lat' dir='ltr'>quos</span> <span class='ocrx_word' id='word_1_33' title='bbox 1165 529 1234 582; x_wconf 83' lang='lat' dir='ltr'>lex</span> <span class='ocrx_word' id='word_1_34' title='bbox 1262 530 1494 574; x_wconf 90' lang='lat' dir='ltr'>maiestatis</span> <span class='ocrx_word' id='word_1_35' title='bbox 1523 528 1812 587; x_wconf 82' lang='lat' dir='ltr'>amplectitur:</span> <span class='ocrx_word' id='word_1_36' title='bbox 1842 529 1949 571; x_wconf 89' lang='lat' dir='ltr'>Bru-</span> 
     </span>
     <span class='ocr_line' id='line_1_5' title="bbox 167 603 1951 665; baseline -0.003 -14"><span class='ocrx_word' id='word_1_37' title='bbox 167 613 255 665; x_wconf 84' lang='lat' dir='ltr'>tum</span> <span class='ocrx_word' id='word_1_38' title='bbox 285 613 329 649; x_wconf 91' lang='lat' dir='ltr'>et</span> <span class='ocrx_word' id='word_1_39' title='bbox 356 606 549 650; x_wconf 91' lang='lat' dir='ltr'>Cassium</span> <span class='ocrx_word' id='word_1_40' title='bbox 577 605 818 650; x_wconf 81' lang='lat' dir='ltr'>laudavisse</span> <span class='ocrx_word' id='word_1_41' title='bbox 849 605 986 655; x_wconf 92' lang='lat' dir='ltr'>dicor,</span> <span class='ocrx_word' id='word_1_42' title='bbox 1022 618 1206 665; x_wconf 90' lang='lat' dir='ltr'>quorum</span> <span class='ocrx_word' id='word_1_43' title='bbox 1235 618 1305 648; x_wconf 90' lang='lat' dir='ltr'>res</span> <span class='ocrx_word' id='word_1_44' title='bbox 1335 612 1476 662; x_wconf 81' lang='lat' dir='ltr'>gestas</span> <span class='ocrx_word' id='word_1_45' title='bbox 1507 619 1605 649; x_wconf 92' lang='lat' dir='ltr'>cum</span> <span class='ocrx_word' id='word_1_46' title='bbox 1632 603 1803 662; x_wconf 82' lang='lat' dir='ltr'><strong>plurimi</strong></span> <span class='ocrx_word' id='word_1_47' title='bbox 1833 616 1951 646; x_wconf 92' lang='lat' dir='ltr'>com-</span> 
     </span>
     <span class='ocr_line' id='line_1_6' title="bbox 166 678 1984 740; baseline -0.003 -15"><span class='ocrx_word' id='word_1_48' title='bbox 166 681 400 740; x_wconf 82' lang='lat' dir='ltr'>posuerint,</span> <span class='ocrx_word' id='word_1_49' title='bbox 442 694 567 724; x_wconf 91' lang='lat' dir='ltr'>nemo</span> <span class='ocrx_word' id='word_1_50' title='bbox 606 681 698 724; x_wconf 90' lang='lat' dir='ltr'>sine</span> <span class='ocrx_word' id='word_1_51' title='bbox 735 679 898 724; x_wconf 87' lang='lat' dir='ltr'>honore</span> <span class='ocrx_word' id='word_1_52' title='bbox 937 679 1197 738; x_wconf 87' lang='lat' dir='ltr'>memoravit.</span> <span class='ocrx_word' id='word_1_53' title='bbox 1243 680 1358 723; x_wconf 89' lang='lat' dir='ltr'>Titus</span> <span class='ocrx_word' id='word_1_54' title='bbox 1395 680 1556 729; x_wconf 89' lang='lat' dir='ltr'>Livius,</span> <span class='ocrx_word' id='word_1_55' title='bbox 1599 678 1870 738; x_wconf 84' lang='lat' dir='ltr'>eloquentiae</span> <span class='ocrx_word' id='word_1_56' title='bbox 1900 690 1984 721; x_wconf 76' lang='grc'>305</span> 
     </span>
     <span class='ocr_line' id='line_1_7' title="bbox 167 752 1952 814; baseline -0.003 -14"><span class='ocrx_word' id='word_1_57' title='bbox 167 756 266 814; x_wconf 87' lang='lat' dir='ltr'>fidei</span> <span class='ocrx_word' id='word_1_58' title='bbox 295 756 540 814; x_wconf 86' lang='lat' dir='ltr'>praeclarus</span> <span class='ocrx_word' id='word_1_59' title='bbox 575 756 617 797; x_wconf 91' lang='lat' dir='ltr'>in</span> <span class='ocrx_word' id='word_1_60' title='bbox 655 755 821 813; x_wconf 86' lang='lat' dir='ltr'>primis,</span> <span class='ocrx_word' id='word_1_61' title='bbox 863 755 936 812; x_wconf 90' lang='lat' dir='ltr'>Cn.</span> <span class='ocrx_word' id='word_1_62' title='bbox 967 754 1219 813; x_wconf 91' lang='lat' dir='ltr'>Pompeium</span> <span class='ocrx_word' id='word_1_63' title='bbox 1248 754 1374 797; x_wconf 91' lang='lat' dir='ltr'>tantis</span> <span class='ocrx_word' id='word_1_64' title='bbox 1403 753 1602 797; x_wconf 86' lang='lat' dir='ltr'>laudibus</span> <span class='ocrx_word' id='word_1_65' title='bbox 1631 752 1723 796; x_wconf 92' lang='lat' dir='ltr'>tulit</span> <span class='ocrx_word' id='word_1_66' title='bbox 1751 759 1798 796; x_wconf 91' lang='lat' dir='ltr'>ut</span> <span class='ocrx_word' id='word_1_67' title='bbox 1825 754 1952 796; x_wconf 91' lang='lat' dir='ltr'>Pom-</span> 
     </span>
     <span class='ocr_line' id='line_1_8' title="bbox 166 826 1950 890; baseline -0.003 -15"><span class='ocrx_word' id='word_1_68' title='bbox 166 832 364 890; x_wconf 91' lang='lat' dir='ltr'>peianum</span> <span class='ocrx_word' id='word_1_69' title='bbox 404 845 502 874; x_wconf 91' lang='lat' dir='ltr'>eum</span> <span class='ocrx_word' id='word_1_70' title='bbox 543 833 758 887; x_wconf 78' lang='lat' dir='ltr'>Augustus</span> <span class='ocrx_word' id='word_1_71' title='bbox 801 829 1054 888; x_wconf 79' lang='lat' dir='ltr'>appellaret3</span> <span class='ocrx_word' id='word_1_72' title='bbox 1098 826 1240 887; x_wconf 84' lang='lat' dir='ltr'>neque</span> <span class='ocrx_word' id='word_1_73' title='bbox 1279 829 1322 872; x_wconf 94' lang='lat' dir='ltr'>id</span> <span class='ocrx_word' id='word_1_74' title='bbox 1364 829 1572 872; x_wconf 84' lang='lat' dir='ltr'>amicitiae</span> <span class='ocrx_word' id='word_1_75' title='bbox 1610 842 1760 872; x_wconf 90' lang='lat' dir='ltr'>eorum</span> <span class='ocrx_word' id='word_1_76' title='bbox 1796 826 1950 871; x_wconf 86' lang='lat' dir='ltr'>offecit.</span> 
     </span>
     <span class='ocr_line' id='line_1_9' title="bbox 167 902 1952 965; baseline -0.003 -15"><span class='ocrx_word' id='word_1_77' title='bbox 167 907 420 965; x_wconf 86' lang='lat' dir='ltr'>Scipionem,</span> <span class='ocrx_word' id='word_1_78' title='bbox 438 905 663 953; x_wconf 78' lang='lat' dir='ltr'>Afranium,</span> <span class='ocrx_word' id='word_1_79' title='bbox 687 905 799 949; x_wconf 92' lang='lat' dir='ltr'>hunc</span> <span class='ocrx_word' id='word_1_80' title='bbox 821 905 958 963; x_wconf 88' lang='lat' dir='ltr'>ipsum</span> <span class='ocrx_word' id='word_1_81' title='bbox 980 905 1185 953; x_wconf 87' lang='lat' dir='ltr'>Cassium,</span> <span class='ocrx_word' id='word_1_82' title='bbox 1209 904 1321 947; x_wconf 91' lang='lat' dir='ltr'>hunc</span> <span class='ocrx_word' id='word_1_83' title='bbox 1340 905 1516 947; x_wconf 84' lang='lat' dir='ltr'>Brutum</span> <span class='ocrx_word' id='word_1_84' title='bbox 1536 902 1952 961; x_wconf 84' lang='lat' dir='ltr'>nusquam‘latrones</span> 
     </span>
     <span class='ocr_line' id='line_1_10' title="bbox 166 978 1951 1039; baseline -0.003 -13"><span class='ocrx_word' id='word_1_85' title='bbox 166 988 209 1026; x_wconf 91' lang='lat' dir='ltr'>et</span> <span class='ocrx_word' id='word_1_86' title='bbox 246 980 499 1039; x_wconf 80' lang='lat' dir='ltr'>parricidas.</span> <span class='ocrx_word' id='word_1_87' title='bbox 539 995 651 1038; x_wconf 90' lang='lat' dir='ltr'>quae</span> <span class='ocrx_word' id='word_1_88' title='bbox 690 994 803 1024; x_wconf 91' lang='lat' dir='ltr'>nunc</span> <span class='ocrx_word' id='word_1_89' title='bbox 839 979 1048 1024; x_wconf 90' lang='lat' dir='ltr'>vocabula</span> <span class='ocrx_word' id='word_1_90' title='bbox 1078 980 1355 1037; x_wconf 88' lang='lat' dir='ltr'>inponuntur,</span> <span class='ocrx_word' id='word_1_91' title='bbox 1396 993 1527 1037; x_wconf 91' lang='lat' dir='ltr'>saepe</span> <span class='ocrx_word' id='word_1_92' title='bbox 1557 985 1604 1021; x_wconf 93' lang='lat' dir='ltr'>ut</span> <span class='ocrx_word' id='word_1_93' title='bbox 1631 978 1807 1036; x_wconf 82' lang='lat' dir='ltr'>insignis</span> <span class='ocrx_word' id='word_1_94' title='bbox 1837 978 1951 1021; x_wconf 91' lang='lat' dir='ltr'>viros</span> 
     </span>
     <span class='ocr_line' id='line_1_11' title="bbox 166 1052 2008 1114; baseline -0.004 -13"><span class='ocrx_word' id='word_1_95' title='bbox 166 1057 366 1101; x_wconf 86' lang='lat' dir='ltr'>nominat.</span> <span class='ocrx_word' id='word_1_96' title='bbox 410 1056 540 1099; x_wconf 86' lang='lat' dir='ltr'>Asinii</span> <span class='ocrx_word' id='word_1_97' title='bbox 570 1055 771 1099; x_wconf 90' lang='lat' dir='ltr'>Pollionis</span> <span class='ocrx_word' id='word_1_98' title='bbox 801 1057 958 1112; x_wconf 90' lang='lat' dir='ltr'>scripta</span> <span class='ocrx_word' id='word_1_99' title='bbox 977 1056 1194 1113; x_wconf 82' lang='lat' dir='ltr'>egregiam</span> <span class='ocrx_word' id='word_1_100' title='bbox 1215 1054 1450 1098; x_wconf 90' lang='lat' dir='ltr'>eorundem</span> <span class='ocrx_word' id='word_1_101' title='bbox 1478 1053 1732 1098; x_wconf 87' lang='lat' dir='ltr'>memoriam</span> <span class='ocrx_word' id='word_1_102' title='bbox 1760 1052 2008 1114; x_wconf 44' lang='lat' dir='ltr'>traduntque,</span> 
     </span>
     <span class='ocr_line' id='line_1_12' title="bbox 167 1130 1958 1191; baseline -0.002 -15"><span class='ocrx_word' id='word_1_103' title='bbox 167 1131 361 1177; x_wconf 85' lang='lat' dir='ltr'>Messalla</span> <span class='ocrx_word' id='word_1_104' title='bbox 391 1131 597 1175; x_wconf 91' lang='lat' dir='ltr'>Corvinus</span> <span class='ocrx_word' id='word_1_105' title='bbox 635 1131 936 1188; x_wconf 85' lang='lat' dir='ltr'>imperatorem</span> <span class='ocrx_word' id='word_1_106' title='bbox 966 1145 1091 1174; x_wconf 92' lang='lat' dir='ltr'>suum</span> <span class='ocrx_word' id='word_1_107' title='bbox 1124 1131 1317 1174; x_wconf 90' lang='lat' dir='ltr'>Cassium</span> <span class='ocrx_word' id='word_1_108' title='bbox 1353 1130 1647 1188; x_wconf 88' lang='lat' dir='ltr'>praedicabat:</span> <span class='ocrx_word' id='word_1_109' title='bbox 1690 1137 1732 1173; x_wconf 93' lang='lat' dir='ltr'>et</span> <span class='ocrx_word' id='word_1_110' title='bbox 1768 1137 1958 1191; x_wconf 87' lang='lat' dir='ltr'>uterque</span> 
     </span>
     <span class='ocr_line' id='line_1_13' title="bbox 167 1205 1953 1266; baseline -0.001 -16"><span class='ocrx_word' id='word_1_111' title='bbox 167 1207 322 1266; x_wconf 86' lang='lat' dir='ltr'>opibus</span> <span class='ocrx_word' id='word_1_112' title='bbox 351 1214 478 1265; x_wconf 89' lang='lat' dir='ltr'>atque</span> <span class='ocrx_word' id='word_1_113' title='bbox 510 1206 742 1250; x_wconf 87' lang='lat' dir='ltr'>honoribus</span> <span class='ocrx_word' id='word_1_114' title='bbox 772 1206 1039 1263; x_wconf 82' lang='lat' dir='ltr'>perviguere.</span> <span class='ocrx_word' id='word_1_115' title='bbox 1084 1206 1211 1250; x_wconf 90' lang='lat' dir='ltr'>Marci</span> <span class='ocrx_word' id='word_1_116' title='bbox 1240 1206 1456 1262; x_wconf 88' lang='lat' dir='ltr'>Ciceronis</span> <span class='ocrx_word' id='word_1_117' title='bbox 1486 1205 1608 1256; x_wconf 91' lang='lat' dir='ltr'>libro,</span> <span class='ocrx_word' id='word_1_118' title='bbox 1640 1219 1726 1263; x_wconf 93' lang='lat' dir='ltr'>quo</span> <span class='ocrx_word' id='word_1_119' title='bbox 1749 1205 1953 1265; x_wconf 86' lang='lat' dir='ltr'>Catonem</span> 
     </span>
     <span class='ocr_line' id='line_1_14' title="bbox 169 1279 1953 1340; baseline -0.002 -14"><span class='ocrx_word' id='word_1_120' title='bbox 169 1282 288 1326; x_wconf 88' lang='lat' dir='ltr'>caelo</span> <span class='ocrx_word' id='word_1_121' title='bbox 306 1282 527 1340; x_wconf 73' lang='lat' dir='ltr'>aequavit,</span> <span class='ocrx_word' id='word_1_122' title='bbox 560 1281 663 1339; x_wconf 91' lang='lat' dir='ltr'>quid</span> <span class='ocrx_word' id='word_1_123' title='bbox 694 1281 808 1324; x_wconf 89' lang='lat' dir='ltr'>aliud</span> <span class='ocrx_word' id='word_1_124' title='bbox 840 1281 1020 1325; x_wconf 90' lang='lat' dir='ltr'>dictator</span> <span class='ocrx_word' id='word_1_125' title='bbox 1041 1281 1200 1325; x_wconf 87' lang='lat' dir='ltr'>Caesar</span> <span class='ocrx_word' id='word_1_126' title='bbox 1220 1295 1349 1340; x_wconf 91' lang='lat' dir='ltr'>quam</span> <span class='ocrx_word' id='word_1_127' title='bbox 1376 1281 1585 1338; x_wconf 88' lang='lat' dir='ltr'>rescripta</span> <span class='ocrx_word' id='word_1_128' title='bbox 1603 1280 1805 1330; x_wconf 86' lang='lat' dir='ltr'>oratione,</span> <span class='ocrx_word' id='word_1_129' title='bbox 1838 1279 1953 1323; x_wconf 93' lang='lat' dir='ltr'>velut</span> 
     </span>
     <span class='ocr_line' id='line_1_15' title="bbox 168 1355 1952 1416; baseline -0.002 -14"><span class='ocrx_word' id='word_1_130' title='bbox 168 1357 283 1416; x_wconf 89' lang='lat' dir='ltr'>apud</span> <span class='ocrx_word' id='word_1_131' title='bbox 313 1357 487 1406; x_wconf 91' lang='lat' dir='ltr'>iudices,</span> <span class='ocrx_word' id='word_1_132' title='bbox 519 1356 767 1415; x_wconf 85' lang='lat' dir='ltr'>respondit?</span> <span class='ocrx_word' id='word_1_133' title='bbox 815 1357 979 1400; x_wconf 88' lang='lat' dir='ltr'>Antonii</span> <span class='ocrx_word' id='word_1_134' title='bbox 1011 1357 1230 1415; x_wconf 89' lang='lat' dir='ltr'>epistulae,</span> <span class='ocrx_word' id='word_1_135' title='bbox 1262 1357 1378 1400; x_wconf 87' lang='lat' dir='ltr'>Bruti</span> <span class='ocrx_word' id='word_1_136' title='bbox 1409 1356 1629 1400; x_wconf 89' lang='lat' dir='ltr'>contiones</span> <span class='ocrx_word' id='word_1_137' title='bbox 1653 1355 1757 1399; x_wconf 89' lang='lat' dir='ltr'>salsa</span> <span class='ocrx_word' id='word_1_138' title='bbox 1776 1355 1952 1413; x_wconf 92' lang='lat' dir='ltr'>quidem</span> 
     </span>
    </p>
   </div>
   <div class='ocr_carea' id='block_1_3' title="bbox 1863 270 1946 329">
    <p class='ocr_par' dir='ltr' id='par_1_3' title="bbox 1863 270 1946 329">
     <span class='ocr_line' id='line_1_16' title="bbox 1863 270 1946 329; baseline -0.024 0"><span class='ocrx_word' id='word_1_139' title='bbox 1863 270 1946 329; x_wconf 75' lang='lat'>229</span> 
     </span>
    </p>
   </div>
   <div class='ocr_carea' id='block_1_4' title="bbox 166 1474 1954 1645">
    <p class='ocr_par' dir='ltr' id='par_1_4' title="bbox 166 1474 1954 1645">
     <span class='ocr_line' id='line_1_17' title="bbox 234 1474 1953 1534; baseline -0.001 -11"><span class='ocrx_word' id='word_1_140' title='bbox 234 1484 265 1523; x_wconf 80' lang='lat' dir='ltr'>i.</span> <span class='ocrx_word' id='word_1_141' title='bbox 290 1492 325 1523; x_wconf 90' lang='lat' dir='ltr'>P.</span> <span class='ocrx_word' id='word_1_142' title='bbox 352 1491 387 1523; x_wconf 87' lang='lat' dir='ltr'>G.</span> <span class='ocrx_word' id='word_1_143' title='bbox 413 1491 445 1523; x_wconf 91' lang='lat' dir='ltr'>M</span> <span class='ocrx_word' id='word_1_144' title='bbox 473 1508 508 1514; x_wconf 89' lang='lat'>—</span> <span class='ocrx_word' id='word_1_145' title='bbox 534 1490 565 1523; x_wconf 91' lang='lat'>4.</span> <span class='ocrx_word' id='word_1_146' title='bbox 592 1499 668 1523; x_wconf 82' lang='lat' dir='ltr'>cum</span> <span class='ocrx_word' id='word_1_147' title='bbox 686 1491 857 1531; x_wconf 78' lang='lat' dir='ltr'>posuerint</span> <span class='ocrx_word' id='word_1_148' title='bbox 879 1492 911 1523; x_wconf 91' lang='lat' dir='ltr'>M</span> <span class='ocrx_word' id='word_1_149' title='bbox 938 1474 974 1514; x_wconf 37' lang='grc'>’-</span> <span class='ocrx_word' id='word_1_150' title='bbox 1009 1491 1040 1524; x_wconf 90' lang='grc'>6.</span> <span class='ocrx_word' id='word_1_151' title='bbox 1068 1492 1139 1534; x_wconf 84' lang='lat' dir='ltr'>Cn.]</span> <span class='ocrx_word' id='word_1_152' title='bbox 1165 1492 1200 1524; x_wconf 92' lang='lat' dir='ltr'>C.</span> <span class='ocrx_word' id='word_1_153' title='bbox 1220 1490 1268 1523; x_wconf 84' lang='lat' dir='ltr'>N.</span> <span class='ocrx_word' id='word_1_154' title='bbox 1292 1491 1326 1524; x_wconf 88' lang='lat' dir='ltr'>M</span> <span class='ocrx_word' id='word_1_155' title='bbox 1352 1507 1388 1513; x_wconf 86' lang='lat'>—-</span> <span class='ocrx_word' id='word_1_156' title='bbox 1413 1489 1446 1522; x_wconf 91' lang='lat'>8.</span> <span class='ocrx_word' id='word_1_157' title='bbox 1468 1492 1683 1534; x_wconf 31' lang='lat' dir='ltr'>pratum-pr.</span> <span class='ocrx_word' id='word_1_158' title='bbox 1708 1489 1743 1522; x_wconf 88' lang='lat' dir='ltr'>M</span> <span class='ocrx_word' id='word_1_159' title='bbox 1768 1506 1806 1512; x_wconf 98' lang='lat'><strong>—</strong></span> <span class='ocrx_word' id='word_1_160' title='bbox 1831 1488 1863 1521; x_wconf 89' lang='grc'>9.</span> <span class='ocrx_word' id='word_1_161' title='bbox 1888 1497 1953 1521; x_wconf 86' lang='lat' dir='ltr'>uo-</span> 
     </span>
     <span class='ocr_line' id='line_1_18' title="bbox 168 1545 1954 1588; baseline -0.002 -8"><span class='ocrx_word' id='word_1_162' title='bbox 168 1547 322 1580; x_wconf 80' lang='lat' dir='ltr'>cabulum</span> <span class='ocrx_word' id='word_1_163' title='bbox 340 1550 512 1587; x_wconf 81' lang='lat' dir='ltr'>ponuntur</span> <span class='ocrx_word' id='word_1_164' title='bbox 534 1555 586 1587; x_wconf 91' lang='lat' dir='ltr'>pr.</span> <span class='ocrx_word' id='word_1_165' title='bbox 612 1547 664 1584; x_wconf 78' lang='lat' dir='ltr'>M:</span> <span class='ocrx_word' id='word_1_166' title='bbox 697 1547 861 1579; x_wconf 81' lang='lat' dir='ltr'>uocabula</span> <span class='ocrx_word' id='word_1_167' title='bbox 883 1547 1102 1588; x_wconf 83' lang='lat' dir='ltr'>imponuntur</span> <span class='ocrx_word' id='word_1_168' title='bbox 1125 1556 1215 1580; x_wconf 89' lang='lat' dir='ltr'>corr.</span> <span class='ocrx_word' id='word_1_169' title='bbox 1241 1548 1275 1580; x_wconf 90' lang='lat' dir='ltr'>M</span> <span class='ocrx_word' id='word_1_170' title='bbox 1296 1565 1340 1570; x_wconf 96' lang='lat'><strong>—</strong></span> <span class='ocrx_word' id='word_1_171' title='bbox 1368 1546 1493 1587; x_wconf 65' lang='lat' dir='ltr'>insigni</span> <span class='ocrx_word' id='word_1_172' title='bbox 1515 1546 1548 1578; x_wconf 88' lang='lat' dir='ltr'>M</span> <span class='ocrx_word' id='word_1_173' title='bbox 1574 1563 1609 1568; x_wconf 93' lang='lat'>—</span> <span class='ocrx_word' id='word_1_174' title='bbox 1640 1546 1693 1578; x_wconf 76' lang='grc'>42.</span> <span class='ocrx_word' id='word_1_175' title='bbox 1718 1545 1832 1587; x_wconf 79' lang='lat' dir='ltr'>opibus</span> <span class='ocrx_word' id='word_1_176' title='bbox 1854 1548 1954 1585; x_wconf 77' lang='lat' dir='ltr'>atque</span> 
     </span>
     <span class='ocr_line' id='line_1_19' title="bbox 166 1601 1948 1645; baseline -0.001 -9"><span class='ocrx_word' id='word_1_177' title='bbox 166 1602 362 1637; x_wconf 83' lang='lat' dir='ltr'>Acidalius:</span> <span class='ocrx_word' id='word_1_178' title='bbox 386 1602 565 1643; x_wconf 77' lang='lat' dir='ltr'>opibusque</span> <span class='ocrx_word' id='word_1_179' title='bbox 579 1606 677 1643; x_wconf 78' lang='lat' dir='ltr'>atque</span> <span class='ocrx_word' id='word_1_180' title='bbox 691 1603 739 1641; x_wconf 85' lang='grc' dir='ltr'>Μ;</span> <span class='ocrx_word' id='word_1_181' title='bbox 760 1603 875 1643; x_wconf 83' lang='lat' dir='ltr'>opibus</span> <span class='ocrx_word' id='word_1_182' title='bbox 888 1612 991 1644; x_wconf 83' lang='lat' dir='ltr'>aeque</span> <span class='ocrx_word' id='word_1_183' title='bbox 1005 1607 1105 1645; x_wconf 79' lang='lat' dir='ltr'>atque</span> <span class='ocrx_word' id='word_1_184' title='bbox 1120 1602 1331 1636; x_wconf 88' lang='lat' dir='ltr'>Doederlein</span> <span class='ocrx_word' id='word_1_185' title='bbox 1347 1601 1425 1635; x_wconf 90' lang='lat' dir='ltr'>coll.</span> <span class='ocrx_word' id='word_1_186' title='bbox 1444 1602 1530 1635; x_wconf 91' lang='lat' dir='ltr'>Hist.</span> <span class='ocrx_word' id='word_1_187' title='bbox 1545 1602 1577 1643; x_wconf 89' lang='lat'>4,</span> <span class='ocrx_word' id='word_1_188' title='bbox 1595 1603 1626 1635; x_wconf 83' lang='lat'>5.</span> <span class='ocrx_word' id='word_1_189' title='bbox 1642 1619 1677 1625; x_wconf 91' lang='lat'>—</span> <span class='ocrx_word' id='word_1_190' title='bbox 1697 1601 1750 1634; x_wconf 77' lang='lat'>⁴4.</span> <span class='ocrx_word' id='word_1_191' title='bbox 1768 1601 1890 1634; x_wconf 82' lang='lat' dir='ltr'>ludices</span> <span class='ocrx_word' id='word_1_192' title='bbox 1904 1601 1948 1635; x_wconf 90' lang='lat' dir='ltr'>M.</span> 
     </span>
    </p>
   </div>
   <div class='ocr_carea' id='block_1_5' title="bbox 166 1696 1036 3447">
    <p class='ocr_par' dir='ltr' id='par_1_5' title="bbox 166 1696 1036 3447">
     <span class='ocr_line' id='line_1_20' title="bbox 167 1696 1036 1746; baseline 0 -10"><span class='ocrx_word' id='word_1_193' title='bbox 167 1696 356 1736; x_wconf 80' lang='lat' dir='ltr'>urerentur.</span> <span class='ocrx_word' id='word_1_194' title='bbox 376 1720 413 1725; x_wconf 94' lang='lat'>—</span> <span class='ocrx_word' id='word_1_195' title='bbox 431 1703 525 1736; x_wconf 81' lang='lat' dir='ltr'>edilis</span> <span class='ocrx_word' id='word_1_196' title='bbox 540 1703 727 1746; x_wconf 75' lang='lat' dir='ltr'>annalibus]</span> <span class='ocrx_word' id='word_1_197' title='bbox 750 1704 778 1736; x_wconf 90' lang='lat' dir='ltr'>A</span> <span class='ocrx_word' id='word_1_198' title='bbox 793 1704 929 1736; x_wconf 90' lang='lat' dir='ltr'>Seneca</span> <span class='ocrx_word' id='word_1_199' title='bbox 947 1704 1036 1736; x_wconf 90' lang='lat' dir='ltr'>Con-</span> 
     </span>
     <span class='ocr_line' id='line_1_21' title="bbox 168 1752 1032 1798; baseline 0 -12"><span class='ocrx_word' id='word_1_200' title='bbox 168 1752 231 1786; x_wconf 88' lang='grc'><strong>301.</strong></span> <span class='ocrx_word' id='word_1_201' title='bbox 257 1753 302 1798; x_wconf 84' lang='lat' dir='ltr'>ad</span> <span class='ocrx_word' id='word_1_202' title='bbox 325 1753 513 1792; x_wconf 84' lang='lat' dir='ltr'>Marciam,</span> <span class='ocrx_word' id='word_1_203' title='bbox 539 1754 578 1785; x_wconf 86' lang='lat' dir='ltr'>A.</span> <span class='ocrx_word' id='word_1_204' title='bbox 599 1753 766 1786; x_wconf 91' lang='lat' dir='ltr'>Cremutii</span> <span class='ocrx_word' id='word_1_205' title='bbox 788 1753 893 1785; x_wconf 90' lang='lat' dir='ltr'>Cordi</span> <span class='ocrx_word' id='word_1_206' title='bbox 913 1753 1032 1794; x_wconf 86' lang='lat' dir='ltr'>filiam,</span> 
     </span>
     <span class='ocr_line' id='line_1_22' title="bbox 168 1802 1032 1845; baseline -0.005 -9"><span class='ocrx_word' id='word_1_207' title='bbox 168 1803 229 1843; x_wconf 75' lang='lat'>26,</span> <span class='ocrx_word' id='word_1_208' title='bbox 248 1805 268 1836; x_wconf 85' lang='lat'>5</span> <span class='ocrx_word' id='word_1_209' title='bbox 291 1804 366 1845; x_wconf 89' lang='lat' dir='ltr'>ipse</span> <span class='ocrx_word' id='word_1_210' title='bbox 390 1803 443 1835; x_wconf 81' lang='lat' dir='ltr'>ad&#39;</span> <span class='ocrx_word' id='word_1_211' title='bbox 466 1802 572 1835; x_wconf 87' lang='lat' dir='ltr'>filiam</span> <span class='ocrx_word' id='word_1_212' title='bbox 596 1803 642 1835; x_wconf 89' lang='lat' dir='ltr'>ita</span> <span class='ocrx_word' id='word_1_213' title='bbox 663 1802 814 1844; x_wconf 90' lang='lat' dir='ltr'>loquens</span> <span class='ocrx_word' id='word_1_214' title='bbox 837 1803 1032 1836; x_wconf 84' lang='lat' dir='ltr'>inducitur:</span> 
     </span>
     <span class='ocr_line' id='line_1_23' title="bbox 167 1852 1036 1894; baseline -0.001 -8"><span class='ocrx_word' id='word_1_215' title='bbox 167 1853 309 1886; x_wconf 84' lang='lat' dir='ltr'>Iuvabat</span> <span class='ocrx_word' id='word_1_216' title='bbox 330 1854 430 1885; x_wconf 84' lang='lat' dir='ltr'>unius</span> <span class='ocrx_word' id='word_1_217' title='bbox 451 1862 502 1884; x_wconf 85' lang='lat' dir='ltr'>me</span> <span class='ocrx_word' id='word_1_218' title='bbox 522 1852 648 1884; x_wconf 81' lang='lat' dir='ltr'>saeculi</span> <span class='ocrx_word' id='word_1_219' title='bbox 672 1853 765 1894; x_wconf 78' lang='lat' dir='ltr'>facta</span> <span class='ocrx_word' id='word_1_220' title='bbox 786 1862 978 1893; x_wconf 79' lang='lat' dir='ltr'>componere</span> <span class='ocrx_word' id='word_1_221' title='bbox 999 1854 1036 1885; x_wconf 90' lang='lat' dir='ltr'>in</span> 
     </span>
     <span class='ocr_line' id='line_1_24' title="bbox 166 1903 1032 1944; baseline -0.001 -9"><span class='ocrx_word' id='word_1_222' title='bbox 166 1906 265 1944; x_wconf 78' lang='lat' dir='ltr'>parte</span> <span class='ocrx_word' id='word_1_223' title='bbox 287 1903 406 1934; x_wconf 82' lang='lat' dir='ltr'>ultima</span> <span class='ocrx_word' id='word_1_224' title='bbox 426 1903 540 1934; x_wconf 80' lang='lat' dir='ltr'>mundi</span> <span class='ocrx_word' id='word_1_225' title='bbox 556 1905 588 1934; x_wconf 84' lang='lat' dir='ltr'>et</span> <span class='ocrx_word' id='word_1_226' title='bbox 600 1903 687 1934; x_wconf 84' lang='lat' dir='ltr'>inter</span> <span class='ocrx_word' id='word_1_227' title='bbox 696 1903 915 1943; x_wconf 81' lang='lat' dir='ltr'>paucissimos</span> <span class='ocrx_word' id='word_1_228' title='bbox 929 1906 1032 1944; x_wconf 73' lang='lat' dir='ltr'>qesta.</span> 
     </span>
     <span class='ocr_line' id='line_1_25' title="bbox 170 1948 1031 1992; baseline -0.001 -7"><span class='ocrx_word' id='word_1_229' title='bbox 170 1948 279 1986; x_wconf 73' lang='lat' dir='ltr'>conf.</span> <span class='ocrx_word' id='word_1_230' title='bbox 295 1952 436 1984; x_wconf 90' lang='lat' dir='ltr'>Sueton.</span> <span class='ocrx_word' id='word_1_231' title='bbox 462 1952 549 1992; x_wconf 86' lang='lat' dir='ltr'>Aug.</span> <span class='ocrx_word' id='word_1_232' title='bbox 575 1951 628 1984; x_wconf 83' lang='lat'>35.</span> <span class='ocrx_word' id='word_1_233' title='bbox 662 1951 802 1991; x_wconf 86' lang='lat' dir='ltr'>Quintil.</span> <span class='ocrx_word' id='word_1_234' title='bbox 829 1953 882 1991; x_wconf 93' lang='grc'><strong>40,</strong></span> <span class='ocrx_word' id='word_1_235' title='bbox 908 1954 938 1992; x_wconf 95' lang='grc'>4,</span> <span class='ocrx_word' id='word_1_236' title='bbox 958 1951 1031 1985; x_wconf 77' lang='grc'><strong>404.</strong></span> 
     </span>
     <span class='ocr_line' id='line_1_26' title="bbox 174 2002 1036 2044; baseline 0 -9"><span class='ocrx_word' id='word_1_237' title='bbox 174 2021 210 2026; x_wconf 91' lang='lat'>—-</span> <span class='ocrx_word' id='word_1_238' title='bbox 236 2003 271 2035; x_wconf 89' lang='lat' dir='ltr'>C.</span> <span class='ocrx_word' id='word_1_239' title='bbox 298 2002 447 2035; x_wconf 87' lang='lat' dir='ltr'>Cassium</span> <span class='ocrx_word' id='word_1_240' title='bbox 475 2003 513 2034; x_wconf 85' lang='lat' dir='ltr'>R.</span> <span class='ocrx_word' id='word_1_241' title='bbox 539 2002 619 2044; x_wconf 67' lang='lat' dir='ltr'>ult]</span> <span class='ocrx_word' id='word_1_242' title='bbox 655 2003 728 2034; x_wconf 86' lang='lat' dir='ltr'>Hoc</span> <span class='ocrx_word' id='word_1_243' title='bbox 763 2002 906 2044; x_wconf 88' lang='lat' dir='ltr'>quidem</span> <span class='ocrx_word' id='word_1_244' title='bbox 940 2003 1036 2036; x_wconf 88' lang='lat' dir='ltr'>Bruti</span> 
     </span>
     <span class='ocr_line' id='line_1_27' title="bbox 170 2051 1033 2095; baseline -0.001 -10"><span class='ocrx_word' id='word_1_245' title='bbox 170 2053 278 2095; x_wconf 90' lang='lat' dir='ltr'>ipsius</span> <span class='ocrx_word' id='word_1_246' title='bbox 310 2051 461 2093; x_wconf 85' lang='lat' dir='ltr'>elogium</span> <span class='ocrx_word' id='word_1_247' title='bbox 488 2051 550 2083; x_wconf 83' lang='lat' dir='ltr'>fuit</span> <span class='ocrx_word' id='word_1_248' title='bbox 573 2051 617 2084; x_wconf 91' lang='lat' dir='ltr'>de</span> <span class='ocrx_word' id='word_1_249' title='bbox 643 2052 764 2084; x_wconf 88' lang='lat' dir='ltr'>Cassio</span> <span class='ocrx_word' id='word_1_250' title='bbox 788 2053 856 2084; x_wconf 91' lang='lat' dir='ltr'>iam</span> <span class='ocrx_word' id='word_1_251' title='bbox 882 2054 1033 2092; x_wconf 89' lang='lat' dir='ltr'>mortuo,</span> 
     </span>
     <span class='ocr_line' id='line_1_28' title="bbox 169 2098 1034 2147; baseline -0.001 -12"><span class='ocrx_word' id='word_1_252' title='bbox 169 2102 381 2145; x_wconf 89' lang='lat' dir='ltr'>publiceque</span> <span class='ocrx_word' id='word_1_253' title='bbox 405 2102 490 2134; x_wconf 77' lang='lat' dir='ltr'>dixit</span> <span class='ocrx_word' id='word_1_254' title='bbox 510 2098 676 2141; x_wconf 75' lang='grc' dir='ltr'><em>ἔσχατον</em></span> <span class='ocrx_word' id='word_1_255' title='bbox 698 2098 818 2147; x_wconf 78' lang='grc' dir='ltr'><strong><em>ἄνδρα</em></strong></span> <span class='ocrx_word' id='word_1_256' title='bbox 841 2099 1034 2145; x_wconf 85' lang='grc' dir='ltr'><em>Ῥωμαίων</em></span> 
     </span>
     <span class='ocr_line' id='line_1_29' title="bbox 169 2149 1033 2186; baseline 0.002 -2"><span class='ocrx_word' id='word_1_257' title='bbox 169 2149 237 2184; x_wconf 81' lang='grc' dir='ltr'>τὸν</span> <span class='ocrx_word' id='word_1_258' title='bbox 266 2149 452 2184; x_wconf 79' lang='grc' dir='ltr'><strong>Κάσσιον.</strong></span> <span class='ocrx_word' id='word_1_259' title='bbox 500 2151 585 2184; x_wconf 86' lang='grc' dir='ltr'><strong>Ρ1111.</strong></span> <span class='ocrx_word' id='word_1_260' title='bbox 612 2153 646 2184; x_wconf 90' lang='grc'>111</span> <span class='ocrx_word' id='word_1_261' title='bbox 672 2153 778 2185; x_wconf 87' lang='lat' dir='ltr'>Bruto</span> <span class='ocrx_word' id='word_1_262' title='bbox 802 2162 833 2186; x_wconf 87' lang='lat' dir='ltr'>c.</span> <span class='ocrx_word' id='word_1_263' title='bbox 859 2152 912 2186; x_wconf 89' lang='lat'>44.</span> <span class='ocrx_word' id='word_1_264' title='bbox 949 2153 1033 2185; x_wconf 90' lang='lat' dir='ltr'>Inde</span> 
     </span>
     <span class='ocr_line' id='line_1_30' title="bbox 170 2201 1033 2243; baseline 0 -9"><span class='ocrx_word' id='word_1_265' title='bbox 170 2210 253 2243; x_wconf 87' lang='lat' dir='ltr'>ergo</span> <span class='ocrx_word' id='word_1_266' title='bbox 291 2201 513 2242; x_wconf 82' lang='lat' dir='ltr'>magnificam</span> <span class='ocrx_word' id='word_1_267' title='bbox 552 2209 631 2234; x_wconf 91' lang='lat' dir='ltr'>eam</span> <span class='ocrx_word' id='word_1_268' title='bbox 667 2210 795 2234; x_wconf 87' lang='lat' dir='ltr'>vocem</span> <span class='ocrx_word' id='word_1_269' title='bbox 834 2202 1033 2235; x_wconf 88' lang='lat' dir='ltr'>Cremutius</span> 
     </span>
     <span class='ocr_line' id='line_1_31' title="bbox 170 2250 1030 2294; baseline -0.002 -9"><span class='ocrx_word' id='word_1_270' title='bbox 170 2252 331 2294; x_wconf 86' lang='lat' dir='ltr'>sumpsit.</span> <span class='ocrx_word' id='word_1_271' title='bbox 366 2253 488 2292; x_wconf 87' lang='lat' dir='ltr'>Neque</span> <span class='ocrx_word' id='word_1_272' title='bbox 520 2250 621 2284; x_wconf 88' lang='lat' dir='ltr'>aliter</span> <span class='ocrx_word' id='word_1_273' title='bbox 643 2252 820 2285; x_wconf 88' lang='lat' dir='ltr'>Romanus</span> <span class='ocrx_word' id='word_1_274' title='bbox 844 2253 1030 2294; x_wconf 87' lang='lat' dir='ltr'>quispiam,</span> 
     </span>
     <span class='ocr_line' id='line_1_32' title="bbox 170 2300 1033 2344; baseline -0.002 -9"><span class='ocrx_word' id='word_1_275' title='bbox 170 2301 479 2344; x_wconf 84' lang='lat' dir='ltr'>Philopoemenem</span> <span class='ocrx_word' id='word_1_276' title='bbox 501 2300 666 2340; x_wconf 88' lang='lat' dir='ltr'>laudans,</span> <span class='ocrx_word' id='word_1_277' title='bbox 696 2301 855 2334; x_wconf 86' lang='lat' dir='ltr'>ultimum</span> <span class='ocrx_word' id='word_1_278' title='bbox 879 2303 1033 2334; x_wconf 88' lang='lat' dir='ltr'>Graeco-</span> 
     </span>
     <span class='ocr_line' id='line_1_33' title="bbox 170 2352 1032 2394; baseline -0.001 -8"><span class='ocrx_word' id='word_1_279' title='bbox 170 2362 248 2386; x_wconf 89' lang='lat' dir='ltr'>rum</span> <span class='ocrx_word' id='word_1_280' title='bbox 272 2353 375 2391; x_wconf 57' lang='lat' dir='ltr'>dixin</span> <span class='ocrx_word' id='word_1_281' title='bbox 401 2352 495 2394; x_wconf 93' lang='lat' dir='ltr'>quod</span> <span class='ocrx_word' id='word_1_282' title='bbox 519 2353 554 2384; x_wconf 89' lang='lat' dir='ltr'>in</span> <span class='ocrx_word' id='word_1_283' title='bbox 577 2353 704 2385; x_wconf 91' lang='lat' dir='ltr'>eodem</span> <span class='ocrx_word' id='word_1_284' title='bbox 728 2352 913 2385; x_wconf 88' lang='lat' dir='ltr'>Plutarcho</span> <span class='ocrx_word' id='word_1_285' title='bbox 935 2352 1032 2394; x_wconf 85' lang='lat' dir='ltr'>legas</span> 
     </span>
     <span class='ocr_line' id='line_1_34' title="bbox 170 2401 1032 2445; baseline -0.001 -10"><span class='ocrx_word' id='word_1_286' title='bbox 170 2413 206 2445; x_wconf 90' lang='lat' dir='ltr'>p.</span> <span class='ocrx_word' id='word_1_287' title='bbox 231 2403 306 2435; x_wconf 84' lang='lat'>356.</span> <span class='ocrx_word' id='word_1_288' title='bbox 342 2403 385 2434; x_wconf 80' lang='lat' dir='ltr'>At</span> <span class='ocrx_word' id='word_1_289' title='bbox 406 2402 441 2434; x_wconf 92' lang='lat' dir='ltr'>in</span> <span class='ocrx_word' id='word_1_290' title='bbox 465 2401 615 2434; x_wconf 91' lang='lat' dir='ltr'>similem</span> <span class='ocrx_word' id='word_1_291' title='bbox 638 2403 848 2435; x_wconf 90' lang='lat' dir='ltr'>sententiam</span> <span class='ocrx_word' id='word_1_292' title='bbox 866 2402 910 2435; x_wconf 87' lang='lat' dir='ltr'>de</span> <span class='ocrx_word' id='word_1_293' title='bbox 927 2403 1032 2435; x_wconf 88' lang='lat' dir='ltr'>Bruto</span> 
     </span>
     <span class='ocr_line' id='line_1_35' title="bbox 172 2453 1035 2492; baseline -0.002 -6"><span class='ocrx_word' id='word_1_294' title='bbox 172 2455 207 2486; x_wconf 87' lang='lat' dir='ltr'>et</span> <span class='ocrx_word' id='word_1_295' title='bbox 228 2453 271 2485; x_wconf 84' lang='lat' dir='ltr'>ad</span> <span class='ocrx_word' id='word_1_296' title='bbox 295 2453 441 2484; x_wconf 86' lang='lat' dir='ltr'>Brutum</span> <span class='ocrx_word' id='word_1_297' title='bbox 458 2453 618 2485; x_wconf 89' lang='lat' dir='ltr'>Lucanus</span> <span class='ocrx_word' id='word_1_298' title='bbox 634 2453 726 2485; x_wconf 88' lang='lat' dir='ltr'>canit</span> <span class='ocrx_word' id='word_1_299' title='bbox 741 2454 773 2492; x_wconf 93' lang='lat'>7,</span> <span class='ocrx_word' id='word_1_300' title='bbox 790 2453 870 2486; x_wconf 83' lang='lat'>588:</span> <span class='ocrx_word' id='word_1_301' title='bbox 898 2453 923 2485; x_wconf 93' lang='grc' dir='ltr'><em>Ο</em></span> <span class='ocrx_word' id='word_1_302' title='bbox 940 2454 1035 2485; x_wconf 85' lang='lat' dir='ltr'>decus</span> 
     </span>
     <span class='ocr_line' id='line_1_36' title="bbox 171 2504 1035 2545; baseline 0 -9"><span class='ocrx_word' id='word_1_303' title='bbox 171 2504 317 2545; x_wconf 77' lang='lat' dir='ltr'>imperii,</span> <span class='ocrx_word' id='word_1_304' title='bbox 346 2512 417 2543; x_wconf 72' lang='lat' dir='ltr'>spes</span> <span class='ocrx_word' id='word_1_305' title='bbox 439 2512 458 2534; x_wconf 95' lang='grc' dir='ltr'><strong><em>ο</em></strong></span> <span class='ocrx_word' id='word_1_306' title='bbox 480 2511 636 2543; x_wconf 84' lang='lat' dir='ltr'>suprema</span> <span class='ocrx_word' id='word_1_307' title='bbox 656 2507 805 2543; x_wconf 83' lang='lat' dir='ltr'>senatus,</span> <span class='ocrx_word' id='word_1_308' title='bbox 836 2504 1035 2536; x_wconf 70' lang='lat' dir='ltr'>Extremmn</span> 
     </span>
     <span class='ocr_line' id='line_1_37' title="bbox 172 2553 1033 2594; baseline -0.001 -8"><span class='ocrx_word' id='word_1_309' title='bbox 172 2555 257 2586; x_wconf 77' lang='lat' dir='ltr'>tanti</span> <span class='ocrx_word' id='word_1_310' title='bbox 277 2553 405 2594; x_wconf 66' lang='lat' dir='ltr'>generis</span> <span class='ocrx_word' id='word_1_311' title='bbox 425 2561 486 2592; x_wconf 84' lang='lat' dir='ltr'>per</span> <span class='ocrx_word' id='word_1_312' title='bbox 507 2553 642 2584; x_wconf 85' lang='lat' dir='ltr'>saecula</span> <span class='ocrx_word' id='word_1_313' title='bbox 656 2562 785 2585; x_wconf 86' lang='lat' dir='ltr'>nomen.</span> <span class='ocrx_word' id='word_1_314' title='bbox 811 2553 896 2585; x_wconf 72' lang='lat' dir='ltr'>Lirs.</span> <span class='ocrx_word' id='word_1_315' title='bbox 922 2553 1033 2586; x_wconf 90' lang='lat' dir='ltr'>Minus</span> 
     </span>
     <span class='ocr_line' id='line_1_38' title="bbox 171 2601 1035 2636; baseline -0.001 -1"><span class='ocrx_word' id='word_1_316' title='bbox 171 2604 336 2636; x_wconf 88' lang='lat' dir='ltr'>accurate</span> <span class='ocrx_word' id='word_1_317' title='bbox 360 2602 546 2634; x_wconf 89' lang='lat' dir='ltr'>Suetonius</span> <span class='ocrx_word' id='word_1_318' title='bbox 569 2601 643 2634; x_wconf 92' lang='lat' dir='ltr'>Tib.</span> <span class='ocrx_word' id='word_1_319' title='bbox 670 2602 729 2634; x_wconf 68' lang='lat'>6⁴:</span> <span class='ocrx_word' id='word_1_320' title='bbox 755 2602 914 2634; x_wconf 73' lang='lat' dir='ltr'>obiectum</span> <span class='ocrx_word' id='word_1_321' title='bbox 935 2605 967 2634; x_wconf 88' lang='lat' dir='ltr'>et</span> <span class='ocrx_word' id='word_1_322' title='bbox 987 2602 1035 2633; x_wconf 84' lang='lat' dir='ltr'>hi-</span> 
     </span>
     <span class='ocr_line' id='line_1_39' title="bbox 170 2651 1034 2692; baseline -0.002 -7"><span class='ocrx_word' id='word_1_323' title='bbox 170 2653 309 2692; x_wconf 85' lang='lat' dir='ltr'>storico,</span> <span class='ocrx_word' id='word_1_324' title='bbox 335 2652 422 2692; x_wconf 80' lang='lat' dir='ltr'>quod</span> <span class='ocrx_word' id='word_1_325' title='bbox 436 2652 578 2684; x_wconf 87' lang='lat' dir='ltr'>Brutum</span> <span class='ocrx_word' id='word_1_326' title='bbox 594 2651 804 2692; x_wconf 80' lang='lat' dir='ltr'>Cassiumque</span> <span class='ocrx_word' id='word_1_327' title='bbox 821 2652 954 2684; x_wconf 85' lang='lat' dir='ltr'>ultimos</span> <span class='ocrx_word' id='word_1_328' title='bbox 969 2652 1034 2683; x_wconf 85' lang='lat' dir='ltr'>Ro-</span> 
     </span>
     <span class='ocr_line' id='line_1_40' title="bbox 169 2700 1031 2742; baseline -0.002 -7"><span class='ocrx_word' id='word_1_329' title='bbox 169 2711 346 2735; x_wconf 80' lang='lat' dir='ltr'>manorum</span> <span class='ocrx_word' id='word_1_330' title='bbox 368 2701 514 2733; x_wconf 72' lang='lat' dir='ltr'>divisset.</span> <span class='ocrx_word' id='word_1_331' title='bbox 543 2719 578 2724; x_wconf 89' lang='lat'>—</span> <span class='ocrx_word' id='word_1_332' title='bbox 610 2702 744 2734; x_wconf 80' lang='lat' dir='ltr'>Satrius</span> <span class='ocrx_word' id='word_1_333' title='bbox 764 2700 947 2742; x_wconf 79' lang='lat' dir='ltr'>Secundus]</span> <span class='ocrx_word' id='word_1_334' title='bbox 980 2700 1031 2733; x_wconf 81' lang='lat' dir='ltr'>Cf.</span> 
     </span>
     <span class='ocr_line' id='line_1_41' title="bbox 170 2751 1034 2792; baseline -0.003 -7"><span class='ocrx_word' id='word_1_335' title='bbox 170 2753 203 2792; x_wconf 88' lang='grc'>6,,</span> <span class='ocrx_word' id='word_1_336' title='bbox 227 2753 259 2785; x_wconf 93' lang='grc'>8.</span> <span class='ocrx_word' id='word_1_337' title='bbox 284 2751 339 2784; x_wconf 88' lang='lat'>47.</span> <span class='ocrx_word' id='word_1_338' title='bbox 375 2752 510 2783; x_wconf 87' lang='lat' dir='ltr'>Seneca</span> <span class='ocrx_word' id='word_1_339' title='bbox 542 2760 573 2784; x_wconf 90' lang='grc'>0.</span> <span class='ocrx_word' id='word_1_340' title='bbox 605 2752 666 2790; x_wconf 75' lang='lat'>22,</span> <span class='ocrx_word' id='word_1_341' title='bbox 699 2751 736 2784; x_wconf 92' lang='lat'>4:</span> <span class='ocrx_word' id='word_1_342' title='bbox 773 2753 921 2792; x_wconf 79' lang='lat' dir='ltr'>Propone</span> <span class='ocrx_word' id='word_1_343' title='bbox 950 2751 1034 2783; x_wconf 84' lang='lat' dir='ltr'>illud</span> 
     </span>
     <span class='ocr_line' id='line_1_42' title="bbox 170 2801 1033 2844; baseline -0.001 -9"><span class='ocrx_word' id='word_1_344' title='bbox 170 2802 414 2835; x_wconf 85' lang='lat' dir='ltr'>acerbissimum</span> <span class='ocrx_word' id='word_1_345' title='bbox 427 2801 486 2833; x_wconf 83' lang='lat' dir='ltr'>tibi</span> <span class='ocrx_word' id='word_1_346' title='bbox 500 2805 640 2842; x_wconf 85' lang='lat' dir='ltr'>tempus,</span> <span class='ocrx_word' id='word_1_347' title='bbox 666 2810 732 2844; x_wconf 84' lang='lat' dir='ltr'>quo</span> <span class='ocrx_word' id='word_1_348' title='bbox 749 2803 890 2834; x_wconf 85' lang='lat' dir='ltr'>Seianus</span> <span class='ocrx_word' id='word_1_349' title='bbox 900 2805 1033 2842; x_wconf 81' lang='lat' dir='ltr'>patrem</span> 
     </span>
     <span class='ocr_line' id='line_1_43' title="bbox 169 2851 1032 2893; baseline -0.002 -9"><span class='ocrx_word' id='word_1_350' title='bbox 169 2855 263 2884; x_wconf 85' lang='lat' dir='ltr'>tuum</span> <span class='ocrx_word' id='word_1_351' title='bbox 290 2851 399 2883; x_wconf 84' lang='lat' dir='ltr'>clienti</span> <span class='ocrx_word' id='word_1_352' title='bbox 425 2860 483 2883; x_wconf 82' lang='lat' dir='ltr'>suo</span> <span class='ocrx_word' id='word_1_353' title='bbox 511 2851 624 2883; x_wconf 84' lang='lat' dir='ltr'>Satrio</span> <span class='ocrx_word' id='word_1_354' title='bbox 655 2852 803 2884; x_wconf 87' lang='lat' dir='ltr'>Secundo</span> <span class='ocrx_word' id='word_1_355' title='bbox 825 2851 1032 2893; x_wconf 72' lang='lat' dir='ltr'>conyiarium</span> 
     </span>
     <span class='ocr_line' id='line_1_44' title="bbox 170 2901 1033 2934; baseline 0 0"><span class='ocrx_word' id='word_1_356' title='bbox 170 2903 267 2934; x_wconf 77' lang='lat' dir='ltr'>dedit.</span> <span class='ocrx_word' id='word_1_357' title='bbox 296 2901 507 2934; x_wconf 79' lang='lat' dir='ltr'>Irascebatur</span> <span class='ocrx_word' id='word_1_358' title='bbox 534 2902 583 2933; x_wconf 86' lang='lat' dir='ltr'>illi</span> <span class='ocrx_word' id='word_1_359' title='bbox 615 2901 654 2934; x_wconf 87' lang='lat' dir='ltr'>ob</span> <span class='ocrx_word' id='word_1_360' title='bbox 680 2911 783 2934; x_wconf 84' lang='lat' dir='ltr'>unum</span> <span class='ocrx_word' id='word_1_361' title='bbox 810 2906 869 2934; x_wconf 89' lang='lat' dir='ltr'>aut</span> <span class='ocrx_word' id='word_1_362' title='bbox 890 2903 1033 2934; x_wconf 77' lang='lat' dir='ltr'>auerwn</span> 
     </span>
     <span class='ocr_line' id='line_1_45' title="bbox 170 2951 1034 2993; baseline -0.001 -9"><span class='ocrx_word' id='word_1_363' title='bbox 170 2951 304 2984; x_wconf 84' lang='lat' dir='ltr'>liberius</span> <span class='ocrx_word' id='word_1_364' title='bbox 325 2952 449 2983; x_wconf 83' lang='lat' dir='ltr'>dictum</span> <span class='ocrx_word' id='word_1_365' title='bbox 472 2951 562 2991; x_wconf 88' lang='lat' dir='ltr'>(vide</span> <span class='ocrx_word' id='word_1_366' title='bbox 586 2951 630 2983; x_wconf 88' lang='lat' dir='ltr'>ad</span> <span class='ocrx_word' id='word_1_367' title='bbox 654 2951 686 2991; x_wconf 88' lang='lat'>3,</span> <span class='ocrx_word' id='word_1_368' title='bbox 708 2952 781 2992; x_wconf 78' lang='lat'>72),</span> <span class='ocrx_word' id='word_1_369' title='bbox 805 2953 893 2993; x_wconf 81' lang='lat' dir='ltr'>quod</span> <span class='ocrx_word' id='word_1_370' title='bbox 913 2952 1034 2984; x_wconf 82' lang='lat' dir='ltr'>tacitus</span> 
     </span>
     <span class='ocr_line' id='line_1_46' title="bbox 168 3001 1032 3043; baseline -0.001 -9"><span class='ocrx_word' id='word_1_371' title='bbox 168 3002 257 3043; x_wconf 73' lang='lat' dir='ltr'>ferre</span> <span class='ocrx_word' id='word_1_372' title='bbox 277 3010 345 3033; x_wconf 87' lang='lat' dir='ltr'>non</span> <span class='ocrx_word' id='word_1_373' title='bbox 360 3004 534 3041; x_wconf 78' lang='lat' dir='ltr'>potuerat,</span> <span class='ocrx_word' id='word_1_374' title='bbox 564 3001 722 3033; x_wconf 75' lang='lat' dir='ltr'>Seianum</span> <span class='ocrx_word' id='word_1_375' title='bbox 751 3002 787 3033; x_wconf 91' lang='lat' dir='ltr'>in</span> <span class='ocrx_word' id='word_1_376' title='bbox 809 3002 950 3034; x_wconf 67' lang='lat' dir='ltr'>cervices</span> <span class='ocrx_word' id='word_1_377' title='bbox 970 3010 1032 3033; x_wconf 89' lang='lat' dir='ltr'>no-</span> 
     </span>
     <span class='ocr_line' id='line_1_47' title="bbox 169 3051 1029 3091; baseline -0.001 -8"><span class='ocrx_word' id='word_1_378' title='bbox 169 3054 258 3083; x_wconf 85' lang='lat' dir='ltr'>stras</span> <span class='ocrx_word' id='word_1_379' title='bbox 282 3059 347 3082; x_wconf 88' lang='lat' dir='ltr'>non</span> <span class='ocrx_word' id='word_1_380' title='bbox 376 3051 498 3091; x_wconf 83' lang='lat' dir='ltr'>imponi</span> <span class='ocrx_word' id='word_1_381' title='bbox 528 3051 675 3091; x_wconf 79' lang='lat' dir='ltr'>quidem,</span> <span class='ocrx_word' id='word_1_382' title='bbox 710 3051 765 3083; x_wconf 83' lang='lat' dir='ltr'>sed</span> <span class='ocrx_word' id='word_1_383' title='bbox 786 3051 965 3083; x_wconf 83' lang='lat' dir='ltr'>escendere.</span> <span class='ocrx_word' id='word_1_384' title='bbox 993 3069 1029 3073; x_wconf 97' lang='lat'><strong>—</strong></span> 
     </span>
     <span class='ocr_line' id='line_1_48' title="bbox 169 3099 1026 3142; baseline -0.001 -9"><span class='ocrx_word' id='word_1_385' title='bbox 169 3100 325 3133; x_wconf 79' lang='lat' dir='ltr'>Pinarius</span> <span class='ocrx_word' id='word_1_386' title='bbox 346 3099 460 3141; x_wconf 83' lang='lat' dir='ltr'>Natta]</span> <span class='ocrx_word' id='word_1_387' title='bbox 489 3099 538 3132; x_wconf 80' lang='lat' dir='ltr'>Cf.</span> <span class='ocrx_word' id='word_1_388' title='bbox 564 3101 735 3132; x_wconf 88' lang='lat' dir='ltr'>Senecam</span> <span class='ocrx_word' id='word_1_389' title='bbox 758 3101 865 3142; x_wconf 88' lang='lat' dir='ltr'>Epist.</span> <span class='ocrx_word' id='word_1_390' title='bbox 891 3101 965 3139; x_wconf 73' lang='lat'>422,</span> <span class='ocrx_word' id='word_1_391' title='bbox 992 3100 1026 3131; x_wconf 93' lang='grc'>44</span> 
     </span>
     <span class='ocr_line' id='line_1_49' title="bbox 172 3150 1031 3192; baseline -0.002 -9"><span class='ocrx_word' id='word_1_392' title='bbox 172 3151 208 3183; x_wconf 88' lang='grc'>01</span> <span class='ocrx_word' id='word_1_393' title='bbox 230 3150 492 3192; x_wconf 88' lang='lat' dir='ltr'>inscriptionem</span> <span class='ocrx_word' id='word_1_394' title='bbox 513 3151 550 3182; x_wconf 88' lang='lat' dir='ltr'>R.</span> <span class='ocrx_word' id='word_1_395' title='bbox 568 3151 608 3182; x_wconf 88' lang='lat' dir='ltr'>N.</span> <span class='ocrx_word' id='word_1_396' title='bbox 627 3159 682 3191; x_wconf 90' lang='lat' dir='ltr'>ap.</span> <span class='ocrx_word' id='word_1_397' title='bbox 701 3151 862 3183; x_wconf 89' lang='lat' dir='ltr'>Momms.</span> <span class='ocrx_word' id='word_1_398' title='bbox 881 3159 915 3182; x_wconf 95' lang='lat' dir='ltr'>n.</span> <span class='ocrx_word' id='word_1_399' title='bbox 935 3150 1031 3189; x_wconf 85' lang='grc'><strong>4896,</strong></span> 
     </span>
     <span class='ocr_line' id='line_1_50' title="bbox 173 3199 1030 3243; baseline -0.004 -10"><span class='ocrx_word' id='word_1_400' title='bbox 173 3209 263 3243; x_wconf 87' lang='lat' dir='ltr'>quae</span> <span class='ocrx_word' id='word_1_401' title='bbox 293 3200 338 3233; x_wconf 90' lang='lat' dir='ltr'>ad</span> <span class='ocrx_word' id='word_1_402' title='bbox 367 3201 459 3232; x_wconf 88' lang='grc'><strong>113110</strong></span> <span class='ocrx_word' id='word_1_403' title='bbox 487 3202 637 3233; x_wconf 85' lang='lat' dir='ltr'>aetatem</span> <span class='ocrx_word' id='word_1_404' title='bbox 669 3201 846 3241; x_wconf 88' lang='lat' dir='ltr'>pertinere</span> <span class='ocrx_word' id='word_1_405' title='bbox 872 3199 1030 3231; x_wconf 87' lang='lat' dir='ltr'>videtur:</span> 
     </span>
     <span class='ocr_line' id='line_1_51' title="bbox 173 3241 1033 3283; baseline -0.002 -1"><span class='ocrx_word' id='word_1_406' title='bbox 173 3250 209 3282; x_wconf 92' lang='lat' dir='ltr'>L.</span> <span class='ocrx_word' id='word_1_407' title='bbox 232 3250 411 3283; x_wconf 81' lang='lat' dir='ltr'>PINARIO.</span> <span class='ocrx_word' id='word_1_408' title='bbox 438 3251 472 3283; x_wconf 91' lang='lat' dir='ltr'>L.</span> <span class='ocrx_word' id='word_1_409' title='bbox 498 3251 534 3282; x_wconf 89' lang='lat' dir='ltr'>F.</span> <span class='ocrx_word' id='word_1_410' title='bbox 561 3250 654 3282; x_wconf 80' lang='lat' dir='ltr'>GAL.</span> <span class='ocrx_word' id='word_1_411' title='bbox 678 3249 844 3281; x_wconf 80' lang='lat' dir='ltr'><strong><em>NATTAE</em></strong></span> <span class='ocrx_word' id='word_1_412' title='bbox 864 3249 965 3281; x_wconf 78' lang='grc' dir='ltr'><strong>ΔΕΒ.</strong></span> <span class='ocrx_word' id='word_1_413' title='bbox 989 3241 1033 3280; x_wconf 80' lang='grc' dir='ltr'><strong>ῘΪ.</strong></span> 
     </span>
     <span class='ocr_line' id='line_1_52' title="bbox 177 3293 1033 3340; baseline 0.001 -11"><span class='ocrx_word' id='word_1_414' title='bbox 177 3299 255 3331; x_wconf 82' lang='lat' dir='ltr'>VIR.</span> <span class='ocrx_word' id='word_1_415' title='bbox 293 3300 330 3340; x_wconf 88' lang='lat' dir='ltr'>Q.</span> <span class='ocrx_word' id='word_1_416' title='bbox 366 3300 425 3332; x_wconf 87' lang='lat' dir='ltr'>TR.</span> <span class='ocrx_word' id='word_1_417' title='bbox 455 3300 543 3332; x_wconf 83' lang='lat' dir='ltr'>MIL.</span> <span class='ocrx_word' id='word_1_418' title='bbox 576 3299 671 3331; x_wconf 85' lang='lat' dir='ltr'>LEG.</span> <span class='ocrx_word' id='word_1_419' title='bbox 691 3293 765 3330; x_wconf 57' lang='lat' dir='ltr'><em>U</em></span> <span class='ocrx_word' id='word_1_420' title='bbox 793 3298 1033 3331; x_wconf 80' lang='lat' dir='ltr'><strong><em>PRAEFECTO</em></strong></span> 
     </span>
     <span class='ocr_line' id='line_1_53' title="bbox 175 3347 1029 3387; baseline 0.001 -9"><span class='ocrx_word' id='word_1_421' title='bbox 175 3347 446 3387; x_wconf 75' lang='lat' dir='ltr'>BERNICIDISH</span> <span class='ocrx_word' id='word_1_422' title='bbox 458 3350 503 3381; x_wconf 77' lang='lat' dir='ltr'>M.</span> <span class='ocrx_word' id='word_1_423' title='bbox 527 3348 760 3381; x_wconf 85' lang='lat' dir='ltr'>BIVELLIVS.</span> <span class='ocrx_word' id='word_1_424' title='bbox 779 3347 813 3380; x_wconf 88' lang='lat' dir='ltr'>C.</span> <span class='ocrx_word' id='word_1_425' title='bbox 830 3348 866 3379; x_wconf 90' lang='lat' dir='ltr'>F.</span> <span class='ocrx_word' id='word_1_426' title='bbox 886 3347 978 3379; x_wconf 85' lang='lat' dir='ltr'>GAL.</span> <span class='ocrx_word' id='word_1_427' title='bbox 994 3364 1029 3370; x_wconf 95' lang='lat'>—</span> 
     </span>
     <span class='ocr_line' id='line_1_54' title="bbox 176 3395 1035 3447; baseline -0.001 -18"><span class='ocrx_word' id='word_1_428' title='bbox 176 3395 374 3447; x_wconf 75' lang='lat' dir='ltr'>Scipionem]</span> <span class='ocrx_word' id='word_1_429' title='bbox 408 3398 469 3431; x_wconf 87' lang='lat' dir='ltr'>Est</span> <span class='ocrx_word' id='word_1_430' title='bbox 498 3399 537 3438; x_wconf 89' lang='lat' dir='ltr'>Q.</span> <span class='ocrx_word' id='word_1_431' title='bbox 567 3397 737 3431; x_wconf 88' lang='lat' dir='ltr'>Caecilius</span> <span class='ocrx_word' id='word_1_432' title='bbox 765 3396 922 3431; x_wconf 86' lang='lat' dir='ltr'>Metellus</span> <span class='ocrx_word' id='word_1_433' title='bbox 954 3397 1035 3429; x_wconf 87' lang='lat' dir='ltr'>Pius</span> 
     </span>
    </p>
   </div>
   <div class='ocr_carea' id='block_1_6' title="bbox 1078 1700 1952 3443">
    <p class='ocr_par' dir='ltr' id='par_1_6' title="bbox 1078 1700 1952 3443">
     <span class='ocr_line' id='line_1_55' title="bbox 1084 1700 1951 1745; baseline -0.005 -9"><span class='ocrx_word' id='word_1_434' title='bbox 1084 1704 1215 1745; x_wconf 88' lang='lat' dir='ltr'>Scipio,</span> <span class='ocrx_word' id='word_1_435' title='bbox 1244 1712 1348 1736; x_wconf 89' lang='lat' dir='ltr'>socer</span> <span class='ocrx_word' id='word_1_436' title='bbox 1372 1703 1435 1736; x_wconf 92' lang='lat' dir='ltr'>Cn.</span> <span class='ocrx_word' id='word_1_437' title='bbox 1460 1702 1633 1744; x_wconf 91' lang='lat' dir='ltr'>Pompeii,</span> <span class='ocrx_word' id='word_1_438' title='bbox 1659 1710 1690 1734; x_wconf 91' lang='grc'>3.</span> <span class='ocrx_word' id='word_1_439' title='bbox 1710 1701 1773 1733; x_wconf 87' lang='grc'><strong>707</strong></span> <span class='ocrx_word' id='word_1_440' title='bbox 1797 1700 1842 1733; x_wconf 92' lang='lat' dir='ltr'>ad</span> <span class='ocrx_word' id='word_1_441' title='bbox 1865 1701 1951 1743; x_wconf 86' lang='lat' dir='ltr'>Hip-</span> 
     </span>
     <span class='ocr_line' id='line_1_56' title="bbox 1084 1751 1952 1795; baseline -0.005 -9"><span class='ocrx_word' id='word_1_442' title='bbox 1084 1763 1214 1795; x_wconf 91' lang='lat' dir='ltr'>ponem</span> <span class='ocrx_word' id='word_1_443' title='bbox 1230 1754 1377 1795; x_wconf 85' lang='lat' dir='ltr'>Regium</span> <span class='ocrx_word' id='word_1_444' title='bbox 1394 1761 1585 1794; x_wconf 91' lang='lat' dir='ltr'>oppressus</span> <span class='ocrx_word' id='word_1_445' title='bbox 1601 1761 1621 1783; x_wconf 90' lang='grc'>3</span> <span class='ocrx_word' id='word_1_446' title='bbox 1637 1753 1674 1784; x_wconf 93' lang='lat' dir='ltr'>P.</span> <span class='ocrx_word' id='word_1_447' title='bbox 1688 1751 1783 1784; x_wconf 91' lang='lat' dir='ltr'>Sitio.</span> <span class='ocrx_word' id='word_1_448' title='bbox 1802 1751 1843 1783; x_wconf 90' lang='lat' dir='ltr'>V.</span> <span class='ocrx_word' id='word_1_449' title='bbox 1862 1751 1952 1783; x_wconf 93' lang='lat' dir='ltr'>Ono-</span> 
     </span>
     <span class='ocr_line' id='line_1_57' title="bbox 1084 1800 1950 1843; baseline -0.003 -8"><span class='ocrx_word' id='word_1_450' title='bbox 1084 1806 1271 1836; x_wconf 88' lang='lat' dir='ltr'>masticum</span> <span class='ocrx_word' id='word_1_451' title='bbox 1299 1802 1494 1835; x_wconf 89' lang='lat' dir='ltr'>Tullianum</span> <span class='ocrx_word' id='word_1_452' title='bbox 1523 1810 1557 1843; x_wconf 90' lang='lat' dir='ltr'>p.</span> <span class='ocrx_word' id='word_1_453' title='bbox 1586 1802 1658 1834; x_wconf 84' lang='grc'><strong>405.</strong></span> <span class='ocrx_word' id='word_1_454' title='bbox 1693 1818 1730 1823; x_wconf 94' lang='grc'><strong>-</strong></span> <span class='ocrx_word' id='word_1_455' title='bbox 1759 1800 1950 1843; x_wconf 79' lang='lat' dir='ltr'>Afranium]</span> 
     </span>
     <span class='ocr_line' id='line_1_58' title="bbox 1084 1850 1949 1894; baseline -0.003 -8"><span class='ocrx_word' id='word_1_456' title='bbox 1084 1852 1267 1886; x_wconf 90' lang='lat' dir='ltr'>consulem</span> <span class='ocrx_word' id='word_1_457' title='bbox 1291 1862 1322 1886; x_wconf 91' lang='lat' dir='ltr'>a.</span> <span class='ocrx_word' id='word_1_458' title='bbox 1349 1852 1428 1892; x_wconf 68' lang='lat'>694,</span> <span class='ocrx_word' id='word_1_459' title='bbox 1455 1853 1577 1894; x_wconf 86' lang='lat' dir='ltr'>postea</span> <span class='ocrx_word' id='word_1_460' title='bbox 1600 1850 1756 1892; x_wconf 87' lang='lat' dir='ltr'>legatum</span> <span class='ocrx_word' id='word_1_461' title='bbox 1779 1851 1949 1893; x_wconf 88' lang='lat' dir='ltr'>Pompeii,</span> 
     </span>
     <span class='ocr_line' id='line_1_59' title="bbox 1084 1901 1948 1936; baseline -0.003 -1"><span class='ocrx_word' id='word_1_462' title='bbox 1084 1903 1306 1936; x_wconf 86' lang='lat' dir='ltr'>intersectum</span> <span class='ocrx_word' id='word_1_463' title='bbox 1335 1902 1380 1934; x_wconf 87' lang='lat' dir='ltr'>ab</span> <span class='ocrx_word' id='word_1_464' title='bbox 1413 1902 1542 1935; x_wconf 91' lang='lat' dir='ltr'>eodem</span> <span class='ocrx_word' id='word_1_465' title='bbox 1572 1903 1609 1934; x_wconf 91' lang='lat' dir='ltr'>P.</span> <span class='ocrx_word' id='word_1_466' title='bbox 1638 1901 1720 1933; x_wconf 92' lang='lat' dir='ltr'>Sitio</span> <span class='ocrx_word' id='word_1_467' title='bbox 1750 1910 1781 1933; x_wconf 92' lang='grc'><strong>3.</strong></span> <span class='ocrx_word' id='word_1_468' title='bbox 1807 1901 1882 1933; x_wconf 86' lang='lat'>707.</span> <span class='ocrx_word' id='word_1_469' title='bbox 1912 1918 1948 1924; x_wconf 85' lang='lat'><em>-</em></span> 
     </span>
     <span class='ocr_line' id='line_1_60' title="bbox 1083 1949 1949 1994; baseline -0.003 -9"><span class='ocrx_word' id='word_1_470' title='bbox 1083 1962 1168 1994; x_wconf 84' lang='lat' dir='ltr'>quae</span> <span class='ocrx_word' id='word_1_471' title='bbox 1200 1962 1289 1985; x_wconf 85' lang='lat' dir='ltr'>nunc</span> <span class='ocrx_word' id='word_1_472' title='bbox 1320 1952 1486 1984; x_wconf 81' lang='lat' dir='ltr'>vocabula</span> <span class='ocrx_word' id='word_1_473' title='bbox 1529 1951 1753 1992; x_wconf 79' lang='lat' dir='ltr'>inponuntur]</span> <span class='ocrx_word' id='word_1_474' title='bbox 1790 1949 1949 1983; x_wconf 90' lang='lat' dir='ltr'>Valerius</span> 
     </span>
     <span class='ocr_line' id='line_1_61' title="bbox 1084 2002 1951 2043; baseline -0.005 -7"><span class='ocrx_word' id='word_1_475' title='bbox 1084 2005 1171 2037; x_wconf 85' lang='lat' dir='ltr'>Max.</span> <span class='ocrx_word' id='word_1_476' title='bbox 1198 2004 1229 2042; x_wconf 87' lang='lat'>6,</span> <span class='ocrx_word' id='word_1_477' title='bbox 1254 2002 1292 2042; x_wconf 97' lang='lat'>4,</span> <span class='ocrx_word' id='word_1_478' title='bbox 1318 2004 1355 2035; x_wconf 86' lang='lat'>5:</span> <span class='ocrx_word' id='word_1_479' title='bbox 1380 2003 1428 2035; x_wconf 82' lang='lat' dir='ltr'>M.</span> <span class='ocrx_word' id='word_1_480' title='bbox 1453 2002 1577 2034; x_wconf 86' lang='lat' dir='ltr'>Brutus</span> <span class='ocrx_word' id='word_1_481' title='bbox 1597 2010 1738 2033; x_wconf 82' lang='lat' dir='ltr'>suarum</span> <span class='ocrx_word' id='word_1_482' title='bbox 1754 2002 1855 2043; x_wconf 77' lang='lat' dir='ltr'>prius</span> <span class='ocrx_word' id='word_1_483' title='bbox 1875 2002 1951 2033; x_wconf 88' lang='lat' dir='ltr'>vir-</span> 
     </span>
     <span class='ocr_line' id='line_1_62' title="bbox 1082 2051 1947 2094; baseline -0.005 -8"><span class='ocrx_word' id='word_1_484' title='bbox 1082 2057 1191 2086; x_wconf 81' lang='lat' dir='ltr'>tutum</span> <span class='ocrx_word' id='word_1_485' title='bbox 1224 2062 1326 2094; x_wconf 85' lang='lat' dir='ltr'>quam</span> <span class='ocrx_word' id='word_1_486' title='bbox 1353 2053 1490 2093; x_wconf 81' lang='lat' dir='ltr'>patriae</span> <span class='ocrx_word' id='word_1_487' title='bbox 1520 2052 1675 2092; x_wconf 80' lang='lat' dir='ltr'>parentis</span> <span class='ocrx_word' id='word_1_488' title='bbox 1705 2051 1947 2091; x_wconf 79' lang='lat' dir='ltr'>parricida.</span> 
     </span>
     <span class='ocr_line' id='line_1_63' title="bbox 1083 2101 1950 2142; baseline -0.003 -6"><span class='ocrx_word' id='word_1_489' title='bbox 1083 2104 1182 2136; x_wconf 86' lang='lat' dir='ltr'>Idem</span> <span class='ocrx_word' id='word_1_490' title='bbox 1199 2104 1229 2142; x_wconf 89' lang='grc'>4,</span> <span class='ocrx_word' id='word_1_491' title='bbox 1248 2102 1280 2141; x_wconf 91' lang='lat'>8,</span> <span class='ocrx_word' id='word_1_492' title='bbox 1299 2102 1338 2135; x_wconf 86' lang='lat'>8:</span> <span class='ocrx_word' id='word_1_493' title='bbox 1358 2102 1393 2135; x_wconf 89' lang='lat' dir='ltr'>C.</span> <span class='ocrx_word' id='word_1_494' title='bbox 1413 2102 1545 2134; x_wconf 86' lang='lat' dir='ltr'>Cassius</span> <span class='ocrx_word' id='word_1_495' title='bbox 1567 2109 1749 2141; x_wconf 83' lang='lat' dir='ltr'>numquam</span> <span class='ocrx_word' id='word_1_496' title='bbox 1763 2101 1834 2132; x_wconf 85' lang='lat' dir='ltr'>sine</span> <span class='ocrx_word' id='word_1_497' title='bbox 1849 2109 1950 2141; x_wconf 79' lang='lat' dir='ltr'>prae-</span> 
     </span>
     <span class='ocr_line' id='line_1_64' title="bbox 1080 2149 1945 2195; baseline -0.003 -9"><span class='ocrx_word' id='word_1_498' title='bbox 1080 2155 1207 2195; x_wconf 85' lang='lat' dir='ltr'>fatione</span> <span class='ocrx_word' id='word_1_499' title='bbox 1222 2152 1349 2193; x_wconf 78' lang='lat' dir='ltr'>publici</span> <span class='ocrx_word' id='word_1_500' title='bbox 1369 2151 1611 2192; x_wconf 82' lang='lat' dir='ltr'>parricidii</span> <span class='ocrx_word' id='word_1_501' title='bbox 1633 2150 1866 2183; x_wconf 80' lang='lat' dir='ltr'>nominandus.</span> <span class='ocrx_word' id='word_1_502' title='bbox 1894 2149 1945 2183; x_wconf 84' lang='lat' dir='ltr'>Cr.</span> 
     </span>
     <span class='ocr_line' id='line_1_65' title="bbox 1082 2200 1948 2243; baseline -0.001 -8"><span class='ocrx_word' id='word_1_503' title='bbox 1082 2203 1113 2242; x_wconf 91' lang='lat'>3,</span> <span class='ocrx_word' id='word_1_504' title='bbox 1139 2204 1170 2242; x_wconf 87' lang='grc'>4,</span> <span class='ocrx_word' id='word_1_505' title='bbox 1196 2203 1227 2235; x_wconf 88' lang='lat'>3.</span> <span class='ocrx_word' id='word_1_506' title='bbox 1250 2220 1285 2225; x_wconf 97' lang='lat'>—</span> <span class='ocrx_word' id='word_1_507' title='bbox 1306 2202 1411 2234; x_wconf 84' lang='lat' dir='ltr'>Asinii</span> <span class='ocrx_word' id='word_1_508' title='bbox 1431 2200 1596 2242; x_wconf 82' lang='lat' dir='ltr'>Pollionis]</span> <span class='ocrx_word' id='word_1_509' title='bbox 1620 2201 1682 2243; x_wconf 90' lang='lat' dir='ltr'>qui</span> <span class='ocrx_word' id='word_1_510' title='bbox 1703 2200 1948 2242; x_wconf 89' lang='lat' dir='ltr'>septendecim</span> 
     </span>
     <span class='ocr_line' id='line_1_66' title="bbox 1082 2250 1946 2293; baseline -0.003 -7"><span class='ocrx_word' id='word_1_511' title='bbox 1082 2253 1190 2286; x_wconf 90' lang='lat' dir='ltr'>libros</span> <span class='ocrx_word' id='word_1_512' title='bbox 1214 2252 1445 2285; x_wconf 89' lang='lat' dir='ltr'>Historiarum</span> <span class='ocrx_word' id='word_1_513' title='bbox 1468 2251 1625 2293; x_wconf 90' lang='lat' dir='ltr'>scripsit,</span> <span class='ocrx_word' id='word_1_514' title='bbox 1659 2252 1803 2282; x_wconf 90' lang='lat' dir='ltr'>auctore</span> <span class='ocrx_word' id='word_1_515' title='bbox 1827 2250 1946 2283; x_wconf 90' lang='lat' dir='ltr'>Suida.</span> 
     </span>
     <span class='ocr_line' id='line_1_67' title="bbox 1083 2299 1944 2336; baseline -0.003 0"><span class='ocrx_word' id='word_1_516' title='bbox 1083 2305 1172 2336; x_wconf 84' lang='lat' dir='ltr'>Citat</span> <span class='ocrx_word' id='word_1_517' title='bbox 1194 2303 1338 2335; x_wconf 90' lang='lat' dir='ltr'>Sueton.</span> <span class='ocrx_word' id='word_1_518' title='bbox 1357 2302 1458 2334; x_wconf 90' lang='lat' dir='ltr'>Caes.</span> <span class='ocrx_word' id='word_1_519' title='bbox 1477 2301 1518 2334; x_wconf 92' lang='grc'><strong>30</strong></span> <span class='ocrx_word' id='word_1_520' title='bbox 1543 2303 1577 2333; x_wconf 84' lang='grc'>01</span> <span class='ocrx_word' id='word_1_521' title='bbox 1595 2301 1640 2333; x_wconf 91' lang='lat' dir='ltr'>de</span> <span class='ocrx_word' id='word_1_522' title='bbox 1657 2299 1698 2333; x_wconf 91' lang='lat' dir='ltr'>cl.</span> <span class='ocrx_word' id='word_1_523' title='bbox 1718 2301 1871 2333; x_wconf 88' lang='lat' dir='ltr'>Gramm.</span> <span class='ocrx_word' id='word_1_524' title='bbox 1892 2300 1944 2333; x_wconf 92' lang='grc'>40.</span> 
     </span>
     <span class='ocr_line' id='line_1_68' title="bbox 1083 2349 1948 2392; baseline -0.005 -6"><span class='ocrx_word' id='word_1_525' title='bbox 1083 2354 1133 2386; x_wconf 86' lang='lat' dir='ltr'>Cf.</span> <span class='ocrx_word' id='word_1_526' title='bbox 1160 2354 1276 2385; x_wconf 86' lang='lat' dir='ltr'>Horat.</span> <span class='ocrx_word' id='word_1_527' title='bbox 1297 2353 1333 2384; x_wconf 90' lang='lat' dir='ltr'>C.</span> <span class='ocrx_word' id='word_1_528' title='bbox 1353 2352 1386 2391; x_wconf 77' lang='lat'>2,</span> <span class='ocrx_word' id='word_1_529' title='bbox 1406 2352 1437 2392; x_wconf 95' lang='grc'>4,</span> <span class='ocrx_word' id='word_1_530' title='bbox 1456 2351 1486 2383; x_wconf 95' lang='grc'>4.</span> <span class='ocrx_word' id='word_1_531' title='bbox 1513 2350 1599 2383; x_wconf 93' lang='lat' dir='ltr'>Vide</span> <span class='ocrx_word' id='word_1_532' title='bbox 1615 2349 1823 2383; x_wconf 89' lang='lat' dir='ltr'>Thorbeckii</span> <span class='ocrx_word' id='word_1_533' title='bbox 1841 2351 1948 2383; x_wconf 92' lang='lat' dir='ltr'>Com-</span> 
     </span>
     <span class='ocr_line' id='line_1_69' title="bbox 1082 2400 1945 2442; baseline -0.003 -7"><span class='ocrx_word' id='word_1_534' title='bbox 1082 2403 1335 2436; x_wconf 84' lang='lat' dir='ltr'>mentationem</span> <span class='ocrx_word' id='word_1_535' title='bbox 1358 2401 1403 2434; x_wconf 93' lang='lat' dir='ltr'>de</span> <span class='ocrx_word' id='word_1_536' title='bbox 1427 2402 1502 2433; x_wconf 91' lang='lat' dir='ltr'>eius</span> <span class='ocrx_word' id='word_1_537' title='bbox 1518 2401 1587 2433; x_wconf 88' lang='lat' dir='ltr'>vita</span> <span class='ocrx_word' id='word_1_538' title='bbox 1604 2402 1640 2433; x_wconf 89' lang='lat' dir='ltr'>et</span> <span class='ocrx_word' id='word_1_539' title='bbox 1659 2401 1810 2442; x_wconf 89' lang='lat' dir='ltr'>scriptis.</span> <span class='ocrx_word' id='word_1_540' title='bbox 1835 2400 1945 2441; x_wconf 86' lang='lat' dir='ltr'>Lugd.</span> 
     </span>
     <span class='ocr_line' id='line_1_70' title="bbox 1082 2450 1948 2492; baseline -0.003 -7"><span class='ocrx_word' id='word_1_541' title='bbox 1082 2455 1155 2486; x_wconf 89' lang='grc' dir='ltr'><strong>Β31.</strong></span> <span class='ocrx_word' id='word_1_542' title='bbox 1181 2453 1276 2485; x_wconf 72' lang='lat'>⁴820.</span> <span class='ocrx_word' id='word_1_543' title='bbox 1305 2469 1342 2474; x_wconf 89' lang='lat'>—</span> <span class='ocrx_word' id='word_1_544' title='bbox 1366 2452 1523 2484; x_wconf 81' lang='lat' dir='ltr'>Messalla</span> <span class='ocrx_word' id='word_1_545' title='bbox 1545 2450 1722 2492; x_wconf 73' lang='lat' dir='ltr'>Corvinus]</span> <span class='ocrx_word' id='word_1_546' title='bbox 1752 2450 1868 2482; x_wconf 79' lang='lat' dir='ltr'>fautor</span> <span class='ocrx_word' id='word_1_547' title='bbox 1889 2451 1948 2483; x_wconf 91' lang='lat' dir='ltr'>Ti-</span> 
     </span>
     <span class='ocr_line' id='line_1_71' title="bbox 1082 2499 1948 2544; baseline -0.003 -9"><span class='ocrx_word' id='word_1_548' title='bbox 1082 2502 1184 2542; x_wconf 87' lang='lat' dir='ltr'>bulli,</span> <span class='ocrx_word' id='word_1_549' title='bbox 1211 2502 1352 2544; x_wconf 88' lang='lat' dir='ltr'>scripsit</span> <span class='ocrx_word' id='word_1_550' title='bbox 1373 2502 1458 2533; x_wconf 90' lang='lat' dir='ltr'>item</span> <span class='ocrx_word' id='word_1_551' title='bbox 1482 2500 1526 2533; x_wconf 91' lang='lat' dir='ltr'>de</span> <span class='ocrx_word' id='word_1_552' title='bbox 1544 2499 1645 2533; x_wconf 90' lang='lat' dir='ltr'>bellis</span> <span class='ocrx_word' id='word_1_553' title='bbox 1661 2499 1832 2532; x_wconf 89' lang='lat' dir='ltr'>civilibus.</span> <span class='ocrx_word' id='word_1_554' title='bbox 1858 2500 1948 2532; x_wconf 89' lang='lat' dir='ltr'>Hee-</span> 
     </span>
     <span class='ocr_line' id='line_1_72' title="bbox 1082 2549 1948 2592; baseline -0.003 -7"><span class='ocrx_word' id='word_1_555' title='bbox 1082 2562 1145 2585; x_wconf 88' lang='lat' dir='ltr'>ren</span> <span class='ocrx_word' id='word_1_556' title='bbox 1165 2552 1209 2584; x_wconf 90' lang='lat' dir='ltr'>de</span> <span class='ocrx_word' id='word_1_557' title='bbox 1226 2551 1309 2584; x_wconf 82' lang='lat' dir='ltr'>sont.</span> <span class='ocrx_word' id='word_1_558' title='bbox 1327 2550 1503 2583; x_wconf 87' lang='lat' dir='ltr'>Plutarchi</span> <span class='ocrx_word' id='word_1_559' title='bbox 1517 2559 1552 2592; x_wconf 91' lang='lat' dir='ltr'>p.</span> <span class='ocrx_word' id='word_1_560' title='bbox 1572 2551 1646 2582; x_wconf 85' lang='grc'><strong>475.</strong></span> <span class='ocrx_word' id='word_1_561' title='bbox 1672 2549 1830 2582; x_wconf 92' lang='lat' dir='ltr'>Verbum</span> <span class='ocrx_word' id='word_1_562' title='bbox 1841 2559 1948 2590; x_wconf 81' lang='lat' dir='ltr'>prae-</span> 
     </span>
     <span class='ocr_line' id='line_1_73' title="bbox 1081 2598 1947 2640; baseline -0.005 -5"><span class='ocrx_word' id='word_1_563' title='bbox 1081 2602 1216 2635; x_wconf 84' lang='lat' dir='ltr'>dicabat</span> <span class='ocrx_word' id='word_1_564' title='bbox 1245 2610 1312 2633; x_wconf 90' lang='lat' dir='ltr'>non</span> <span class='ocrx_word' id='word_1_565' title='bbox 1345 2600 1390 2632; x_wconf 89' lang='lat' dir='ltr'>ad</span> <span class='ocrx_word' id='word_1_566' title='bbox 1413 2599 1594 2633; x_wconf 88' lang='lat' dir='ltr'>Messallae</span> <span class='ocrx_word' id='word_1_567' title='bbox 1622 2598 1771 2640; x_wconf 87' lang='lat' dir='ltr'>librum,</span> <span class='ocrx_word' id='word_1_568' title='bbox 1806 2599 1871 2632; x_wconf 90' lang='lat' dir='ltr'>sed</span> <span class='ocrx_word' id='word_1_569' title='bbox 1901 2599 1947 2632; x_wconf 89' lang='lat' dir='ltr'>ad</span> 
     </span>
     <span class='ocr_line' id='line_1_74' title="bbox 1082 2648 1944 2691; baseline -0.005 -7"><span class='ocrx_word' id='word_1_570' title='bbox 1082 2652 1157 2684; x_wconf 89' lang='grc'><strong>01113</strong></span> <span class='ocrx_word' id='word_1_571' title='bbox 1188 2651 1320 2683; x_wconf 90' lang='lat' dir='ltr'>dictum</span> <span class='ocrx_word' id='word_1_572' title='bbox 1351 2649 1494 2691; x_wconf 86' lang='lat' dir='ltr'>aliquod</span> <span class='ocrx_word' id='word_1_573' title='bbox 1526 2648 1753 2682; x_wconf 80' lang='lat' dir='ltr'>referendum</span> <span class='ocrx_word' id='word_1_574' title='bbox 1787 2648 1944 2687; x_wconf 63' lang='lat' dir='ltr'>videtum</span> 
     </span>
     <span class='ocr_line' id='line_1_75' title="bbox 1082 2698 1947 2740; baseline -0.005 -6"><span class='ocrx_word' id='word_1_575' title='bbox 1082 2710 1163 2734; x_wconf 89' lang='lat' dir='ltr'>nam</span> <span class='ocrx_word' id='word_1_576' title='bbox 1187 2702 1221 2733; x_wconf 92' lang='grc'>111</span> <span class='ocrx_word' id='word_1_577' title='bbox 1244 2700 1386 2732; x_wconf 89' lang='lat' dir='ltr'>historia</span> <span class='ocrx_word' id='word_1_578' title='bbox 1408 2699 1467 2731; x_wconf 79' lang='lat' dir='ltr'>vix</span> <span class='ocrx_word' id='word_1_579' title='bbox 1488 2698 1637 2740; x_wconf 89' lang='lat' dir='ltr'>pluries,</span> <span class='ocrx_word' id='word_1_580' title='bbox 1663 2698 1758 2740; x_wconf 93' lang='lat' dir='ltr'>quod</span> <span class='ocrx_word' id='word_1_581' title='bbox 1777 2698 1947 2740; x_wconf 87' lang='lat' dir='ltr'>significat</span> 
     </span>
     <span class='ocr_line' id='line_1_76' title="bbox 1080 2748 1946 2793; baseline -0.005 -9"><span class='ocrx_word' id='word_1_582' title='bbox 1080 2751 1344 2793; x_wconf 76' lang='lat' dir='ltr'>imperfectum,</span> <span class='ocrx_word' id='word_1_583' title='bbox 1381 2749 1542 2781; x_wconf 86' lang='lat' dir='ltr'>Cassium</span> <span class='ocrx_word' id='word_1_584' title='bbox 1569 2749 1616 2780; x_wconf 83' lang='lat' dir='ltr'>ita</span> <span class='ocrx_word' id='word_1_585' title='bbox 1645 2748 1851 2790; x_wconf 86' lang='lat' dir='ltr'>praedicare</span> <span class='ocrx_word' id='word_1_586' title='bbox 1879 2757 1946 2790; x_wconf 94' lang='lat' dir='ltr'>po-</span> 
     </span>
     <span class='ocr_line' id='line_1_77' title="bbox 1080 2796 1945 2839; baseline -0.005 -6"><span class='ocrx_word' id='word_1_587' title='bbox 1080 2803 1180 2833; x_wconf 87' lang='lat' dir='ltr'>terat.</span> <span class='ocrx_word' id='word_1_588' title='bbox 1203 2819 1237 2824; x_wconf 90' lang='lat'><em>-</em></span> <span class='ocrx_word' id='word_1_589' title='bbox 1256 2801 1491 2839; x_wconf 84' lang='lat' dir='ltr'>imperatorem</span> <span class='ocrx_word' id='word_1_590' title='bbox 1513 2797 1620 2839; x_wconf 80' lang='lat' dir='ltr'>sumn]</span> <span class='ocrx_word' id='word_1_591' title='bbox 1645 2798 1771 2830; x_wconf 89' lang='lat' dir='ltr'>Fuerat</span> <span class='ocrx_word' id='word_1_592' title='bbox 1785 2796 1945 2833; x_wconf 88' lang='lat' dir='ltr'>Messalla</span> 
     </span>
     <span class='ocr_line' id='line_1_78' title="bbox 1081 2847 1944 2889; baseline -0.006 -6"><span class='ocrx_word' id='word_1_593' title='bbox 1081 2852 1114 2883; x_wconf 91' lang='lat' dir='ltr'>in</span> <span class='ocrx_word' id='word_1_594' title='bbox 1137 2850 1213 2882; x_wconf 85' lang='lat' dir='ltr'>acie</span> <span class='ocrx_word' id='word_1_595' title='bbox 1238 2847 1462 2889; x_wconf 89' lang='lat' dir='ltr'>Philippensi.</span> <span class='ocrx_word' id='word_1_596' title='bbox 1490 2865 1525 2870; x_wconf 98' lang='lat'><strong>—</strong></span> <span class='ocrx_word' id='word_1_597' title='bbox 1545 2847 1761 2889; x_wconf 64' lang='lat' dir='ltr'>per-viguere]</span> <span class='ocrx_word' id='word_1_598' title='bbox 1786 2847 1831 2879; x_wconf 90' lang='lat' dir='ltr'>ad</span> <span class='ocrx_word' id='word_1_599' title='bbox 1853 2847 1944 2879; x_wconf 87' lang='lat' dir='ltr'>vitae</span> 
     </span>
     <span class='ocr_line' id='line_1_79' title="bbox 1080 2891 1942 2941; baseline -0.006 -8"><span class='ocrx_word' id='word_1_600' title='bbox 1080 2901 1185 2933; x_wconf 88' lang='lat' dir='ltr'>finem</span> <span class='ocrx_word' id='word_1_601' title='bbox 1210 2907 1343 2940; x_wconf 82' lang='lat' dir='ltr'>usque3</span> <span class='ocrx_word' id='word_1_602' title='bbox 1370 2906 1463 2930; x_wconf 90' lang='lat' dir='ltr'>nunc</span> <span class='ocrx_word' id='word_1_603' title='bbox 1480 2899 1534 2930; x_wconf 91' lang='lat' dir='ltr'>est</span> <span class='ocrx_word' id='word_1_604' title='bbox 1549 2891 1653 2939; x_wconf 80' lang='grc' dir='ltr'><em>ἅπαξ</em></span> <span class='ocrx_word' id='word_1_605' title='bbox 1667 2895 1884 2941; x_wconf 77' lang='grc' dir='ltr'><strong>λεγόμενον.</strong></span> <span class='ocrx_word' id='word_1_606' title='bbox 1905 2914 1942 2920; x_wconf 91' lang='grc'>-</span> 
     </span>
     <span class='ocr_line' id='line_1_80' title="bbox 1078 2946 1942 2989; baseline -0.003 -7"><span class='ocrx_word' id='word_1_607' title='bbox 1078 2950 1162 2982; x_wconf 88' lang='lat' dir='ltr'>libro</span> <span class='ocrx_word' id='word_1_608' title='bbox 1186 2958 1250 2989; x_wconf 80' lang='lat' dir='ltr'>quo</span> <span class='ocrx_word' id='word_1_609' title='bbox 1266 2948 1422 2981; x_wconf 78' lang='lat' dir='ltr'>Catonem</span> <span class='ocrx_word' id='word_1_610' title='bbox 1438 2948 1520 2988; x_wconf 69' lang='lat' dir='ltr'>cet]</span> <span class='ocrx_word' id='word_1_611' title='bbox 1544 2946 1750 2981; x_wconf 86' lang='lat' dir='ltr'>Plutarchus</span> <span class='ocrx_word' id='word_1_612' title='bbox 1767 2949 1868 2980; x_wconf 88' lang='lat' dir='ltr'>Caes.</span> <span class='ocrx_word' id='word_1_613' title='bbox 1883 2946 1942 2979; x_wconf 85' lang='lat'>54:</span> 
     </span>
     <span class='ocr_line' id='line_1_81' title="bbox 1080 2993 1944 3046; baseline -0.003 -14"><span class='ocrx_word' id='word_1_614' title='bbox 1080 2996 1227 3046; x_wconf 68' lang='grc' dir='ltr'><em>ἔγραψε</em></span> <span class='ocrx_word' id='word_1_615' title='bbox 1249 2998 1418 3044; x_wconf 79' lang='grc' dir='ltr'><strong><em>Κικέρων</em></strong></span> <span class='ocrx_word' id='word_1_616' title='bbox 1440 2995 1629 3041; x_wconf 80' lang='grc' dir='ltr'><em>ἐγκώμιον</em></span> <span class='ocrx_word' id='word_1_617' title='bbox 1651 2996 1832 3038; x_wconf 82' lang='grc' dir='ltr'><em>Κάτωνος</em></span> <span class='ocrx_word' id='word_1_618' title='bbox 1854 2993 1944 3029; x_wconf 80' lang='grc' dir='ltr'><em>ὅνο-</em></span> 
     </span>
     <span class='ocr_line' id='line_1_82' title="bbox 1079 3045 1940 3091; baseline -0.002 -10"><span class='ocrx_word' id='word_1_619' title='bbox 1079 3060 1137 3091; x_wconf 88' lang='grc' dir='ltr'>μα</span> <span class='ocrx_word' id='word_1_620' title='bbox 1165 3046 1216 3091; x_wconf 79' lang='grc' dir='ltr'>τῷ</span> <span class='ocrx_word' id='word_1_621' title='bbox 1240 3045 1339 3091; x_wconf 79' lang='grc' dir='ltr'><em>λόγῳ</em></span> <span class='ocrx_word' id='word_1_622' title='bbox 1362 3047 1524 3090; x_wconf 79' lang='grc' dir='ltr'><em>θέμενος</em></span> <span class='ocrx_word' id='word_1_623' title='bbox 1546 3046 1754 3080; x_wconf 79' lang='grc' dir='ltr'><strong>Κάτωνα.</strong></span> <span class='ocrx_word' id='word_1_624' title='bbox 1791 3047 1841 3080; x_wconf 84' lang='lat' dir='ltr'>Cf.</span> <span class='ocrx_word' id='word_1_625' title='bbox 1869 3047 1940 3079; x_wconf 88' lang='lat' dir='ltr'>Cic.</span> 
     </span>
     <span class='ocr_line' id='line_1_83' title="bbox 1082 3095 1943 3139; baseline -0.003 -8"><span class='ocrx_word' id='word_1_626' title='bbox 1082 3099 1127 3131; x_wconf 89' lang='lat' dir='ltr'>ad</span> <span class='ocrx_word' id='word_1_627' title='bbox 1148 3099 1216 3130; x_wconf 89' lang='lat' dir='ltr'>Att.</span> <span class='ocrx_word' id='word_1_628' title='bbox 1243 3098 1297 3138; x_wconf 87' lang='grc'>43,</span> <span class='ocrx_word' id='word_1_629' title='bbox 1321 3097 1375 3131; x_wconf 88' lang='lat'>46.</span> <span class='ocrx_word' id='word_1_630' title='bbox 1405 3097 1489 3130; x_wconf 92' lang='lat' dir='ltr'>Gell.</span> <span class='ocrx_word' id='word_1_631' title='bbox 1515 3098 1568 3139; x_wconf 89' lang='grc'>43,</span> <span class='ocrx_word' id='word_1_632' title='bbox 1595 3098 1646 3130; x_wconf 90' lang='grc'><strong>49.</strong></span> <span class='ocrx_word' id='word_1_633' title='bbox 1676 3116 1711 3120; x_wconf 95' lang='grc'><strong>-</strong></span> <span class='ocrx_word' id='word_1_634' title='bbox 1738 3097 1817 3138; x_wconf 80' lang='lat' dir='ltr'>quid</span> <span class='ocrx_word' id='word_1_635' title='bbox 1838 3095 1943 3138; x_wconf 79' lang='lat' dir='ltr'>aliud]</span> 
     </span>
     <span class='ocr_line' id='line_1_84' title="bbox 1082 3146 1944 3190; baseline -0.001 -11"><span class='ocrx_word' id='word_1_636' title='bbox 1082 3146 1307 3188; x_wconf 85' lang='lat' dir='ltr'>Brachylogia</span> <span class='ocrx_word' id='word_1_637' title='bbox 1330 3156 1395 3190; x_wconf 81' lang='lat' dir='ltr'>pro=</span> <span class='ocrx_word' id='word_1_638' title='bbox 1420 3148 1527 3189; x_wconf 77' lang='lat' dir='ltr'>«quid</span> <span class='ocrx_word' id='word_1_639' title='bbox 1549 3146 1642 3179; x_wconf 88' lang='lat' dir='ltr'>aliud</span> <span class='ocrx_word' id='word_1_640' title='bbox 1662 3147 1758 3186; x_wconf 81' lang='lat' dir='ltr'>fecit,</span> <span class='ocrx_word' id='word_1_641' title='bbox 1783 3155 1889 3188; x_wconf 90' lang='lat' dir='ltr'>quam</span> <span class='ocrx_word' id='word_1_642' title='bbox 1904 3147 1944 3179; x_wconf 85' lang='lat' dir='ltr'>ut</span> 
     </span>
     <span class='ocr_line' id='line_1_85' title="bbox 1082 3195 1940 3239; baseline -0.002 -9"><span class='ocrx_word' id='word_1_643' title='bbox 1082 3197 1357 3239; x_wconf 63' lang='lat' dir='ltr'>responderem»</span> <span class='ocrx_word' id='word_1_644' title='bbox 1369 3215 1403 3220; x_wconf 90' lang='lat'>—-</span> <span class='ocrx_word' id='word_1_645' title='bbox 1418 3199 1579 3238; x_wconf 82' lang='lat' dir='ltr'>rescripta</span> <span class='ocrx_word' id='word_1_646' title='bbox 1593 3195 1753 3237; x_wconf 84' lang='lat' dir='ltr'>oratione]</span> <span class='ocrx_word' id='word_1_647' title='bbox 1765 3195 1940 3229; x_wconf 87' lang='lat' dir='ltr'>Plutarch.</span> 
     </span>
     <span class='ocr_line' id='line_1_86' title="bbox 1083 3241 1943 3293; baseline -0.003 -13"><span class='ocrx_word' id='word_1_648' title='bbox 1083 3248 1183 3280; x_wconf 90' lang='lat' dir='ltr'>Caes.</span> <span class='ocrx_word' id='word_1_649' title='bbox 1208 3246 1268 3279; x_wconf 83' lang='lat'>54:</span> <span class='ocrx_word' id='word_1_650' title='bbox 1305 3242 1475 3293; x_wconf 63' lang='grc' dir='ltr'><em>ἔγραψεν</em></span> <span class='ocrx_word' id='word_1_651' title='bbox 1506 3241 1574 3279; x_wconf 80' lang='grc' dir='ltr'>οὖν</span> <span class='ocrx_word' id='word_1_652' title='bbox 1605 3247 1769 3287; x_wconf 83' lang='lat' dir='ltr'>(Caesar)</span> <span class='ocrx_word' id='word_1_653' title='bbox 1801 3243 1943 3287; x_wconf 81' lang='grc' dir='ltr'><strong><em>πολλάς</em></strong></span> 
     </span>
     <span class='ocr_line' id='line_1_87' title="bbox 1082 3294 1942 3340; baseline 0.001 -12"><span class='ocrx_word' id='word_1_654' title='bbox 1082 3306 1186 3337; x_wconf 80' lang='grc' dir='ltr'><strong><em>τινας</em></strong></span> <span class='ocrx_word' id='word_1_655' title='bbox 1214 3294 1312 3328; x_wconf 82' lang='grc' dir='ltr'><em>κατὰ</em></span> <span class='ocrx_word' id='word_1_656' title='bbox 1333 3295 1402 3330; x_wconf 83' lang='grc' dir='ltr'>τοῦ</span> <span class='ocrx_word' id='word_1_657' title='bbox 1426 3294 1607 3336; x_wconf 81' lang='grc' dir='ltr'><em>Κάτωνος</em></span> <span class='ocrx_word' id='word_1_658' title='bbox 1628 3296 1751 3336; x_wconf 75' lang='grc' dir='ltr'><strong><em>αἰτίας</em></strong></span> <span class='ocrx_word' id='word_1_659' title='bbox 1774 3305 1942 3340; x_wconf 78' lang='grc' dir='ltr'><strong><em>συναγα-</em></strong></span> 
     </span>
     <span class='ocr_line' id='line_1_88' title="bbox 1082 3342 1941 3390; baseline 0.003 -13"><span class='ocrx_word' id='word_1_660' title='bbox 1082 3343 1175 3389; x_wconf 80' lang='grc' dir='ltr'><em>γών·</em></span> <span class='ocrx_word' id='word_1_661' title='bbox 1211 3343 1256 3378; x_wconf 80' lang='grc' dir='ltr'>τὸ</span> <span class='ocrx_word' id='word_1_662' title='bbox 1285 3345 1326 3379; x_wconf 82' lang='grc' dir='ltr'>δὲ</span> <span class='ocrx_word' id='word_1_663' title='bbox 1355 3345 1506 3387; x_wconf 77' lang='grc' dir='ltr'>βιβλίον</span> <span class='ocrx_word' id='word_1_664' title='bbox 1525 3342 1796 3378; x_wconf 78' lang='grc' dir='ltr'><em>Ἀντικάτων</em></span> <span class='ocrx_word' id='word_1_665' title='bbox 1817 3345 1941 3390; x_wconf 83' lang='grc' dir='ltr'><em>ἐπιγέ-</em></span> 
     </span>
     <span class='ocr_line' id='line_1_89' title="bbox 1082 3395 1941 3443; baseline 0.003 -15"><span class='ocrx_word' id='word_1_666' title='bbox 1082 3405 1254 3443; x_wconf 76' lang='grc' dir='ltr'><strong>γραπται.</strong></span> <span class='ocrx_word' id='word_1_667' title='bbox 1274 3396 1323 3430; x_wconf 86' lang='lat' dir='ltr'>Cf.</span> <span class='ocrx_word' id='word_1_668' title='bbox 1339 3396 1422 3430; x_wconf 91' lang='lat' dir='ltr'>Gell.</span> <span class='ocrx_word' id='word_1_669' title='bbox 1437 3397 1477 3429; x_wconf 89' lang='lat' dir='ltr'>N.</span> <span class='ocrx_word' id='word_1_670' title='bbox 1490 3397 1530 3428; x_wconf 88' lang='lat' dir='ltr'>A.</span> <span class='ocrx_word' id='word_1_671' title='bbox 1544 3395 1578 3436; x_wconf 88' lang='lat'>4,</span> <span class='ocrx_word' id='word_1_672' title='bbox 1593 3395 1646 3428; x_wconf 89' lang='grc'>46.</span> <span class='ocrx_word' id='word_1_673' title='bbox 1670 3396 1766 3430; x_wconf 92' lang='lat' dir='ltr'>Duos</span> <span class='ocrx_word' id='word_1_674' title='bbox 1780 3396 1941 3432; x_wconf 82' lang='lat' dir='ltr'>Caesaris</span> 
     </span>
    </p>
   </div>
  </div>
 </body>
</html>
