2254 3770
262 254 344 301 404-

736 255 782 300 Ρ.
813 252 1062 300 CORNELII
1090 251 1260 299 TACITI
1289 250 1555 298 ANNALIUM

265 362 498 407 Archelaus
513 361 914 423 quinquagesimum
935 374 1093 405 annum
1109 357 1379 418 Cappadocia
1398 357 1659 417 potiebatur,
1682 359 1843 404 invisus
1856 358 2036 411 Tiberio,

267 437 384 497 quod
414 451 515 482 eum
542 437 678 483 Rhodi
709 442 904 496 agentem
940 435 1056 480 nullo
1087 434 1227 479 officio
1258 433 1472 478 coluisset.
1521 447 1602 478 nec
1630 434 1675 478 id
1703 433 1934 479 Archelaus
1962 449 2042 494 per

268 513 515 573 superbiam
543 513 761 564 omiserat,
802 511 880 556 sed
919 511 972 556 ab
1012 510 1169 555 intimis
1199 508 1374 567 Augusti
1411 508 1618 562 monitus,
1658 509 1759 569 quia
1787 508 1965 554 florente
1996 510 2042 555 C.

270 590 454 634 Caesare
483 588 702 647 missoque
734 587 788 632 ad
817 600 887 631 res
917 586 1104 632 Orientis
1133 586 1266 629 intuta
1295 584 1451 628 Tiberii
1482 584 1665 629 amicitia
1693 585 1960 630 credebatur.
1998 591 2046 629 ut

239 678 396 710 eversa
426 664 658 709 Caesarum
692 662 842 707 subole
879 662 1106 721 imperium
1143 660 1325 718 adeptus
1355 664 1438 711 est,
1479 659 1594 704 elicit
1621 660 1874 705 Archelaum
1900 661 2046 705 matris
2091 710 2096 714 ¹

269 740 436 794 litteris,
467 752 578 799 quae
606 753 692 783 non
722 737 998 782 dissimulatis
1027 736 1099 780 filii
1129 734 1436 780 offensionibus
1466 734 1731 780 clementiam
1755 735 1977 788 offerebat,
2009 736 2046 780 si

272 816 326 861 ad
365 815 628 875 precandum
656 814 831 858 veniret.
881 813 952 858 ille
985 813 1158 870 ignarus
1188 810 1273 854 doli
1314 809 1400 858 vel,
1440 810 1475 854 si
1511 810 1756 870 intellegere
1786 811 2045 864 crederetur,

272 893 359 937 vim
386 897 581 936 metuens
610 890 652 933 in
679 889 833 933 urbem
861 893 1064 947 properat
1097 892 1388 944 exceptusque
1416 885 1565 930 immiti
1592 900 1619 955 a
1648 886 1840 946 principe
1875 893 1918 932 et
1952 901 2050 932 mox

275 973 500 1013 accusatus
529 966 571 1010 in
603 971 772 1016 senatu,
803 978 888 1008 non
908 964 964 1008 ob
986 963 1162 1008 crimina
1183 975 1295 1021 quae
1315 961 1598 1020 fingebantur,
1631 969 1697 1007 set
1716 976 1892 1021 angore,
1924 963 2049 1008 simul

227 1055 263 1087 ιο
275 1045 414 1089 fessus
458 1042 578 1087 senio
618 1047 661 1086 et
689 1040 791 1100 quia
819 1039 992 1098 regibus
1023 1052 1178 1097 aequa,
1221 1037 1379 1081 nedum
1410 1036 1552 1081 infima
1581 1037 1748 1082 insolita
1777 1044 1892 1090 sunt,
1922 1037 2051 1083 finem

275 1120 388 1165 vitae
436 1124 586 1178 sponte
629 1131 682 1161 an
725 1116 809 1160 fato
857 1114 1057 1174 implevit.
1121 1127 1301 1172 regnum
1338 1113 1381 1156 in
1416 1111 1680 1171 provinciam
1717 1113 1938 1159 redactum
1973 1121 2049 1166 est,

276 1194 568 1253 fructibusque
588 1193 682 1238 eius
702 1191 834 1236 levari
854 1204 983 1250 posse
1004 1190 1262 1234 centesimae
1281 1188 1461 1247 vectigal
1480 1188 1700 1247 professus
1716 1189 1874 1234 Caesar
1893 1189 2054 1235 ducen—

278 1272 474 1316 tesimam
502 1270 545 1313 in
564 1274 785 1328 posterum
805 1267 960 1311 statuit.
1009 1280 1088 1324 per
1106 1265 1221 1309 idem
1243 1270 1412 1323 tempus
1433 1264 1637 1309 Antiocho
1659 1265 2053 1324 Commagenorum,

278 1346 549 1405 Philopatore
572 1344 750 1389 Cilicum
778 1343 951 1400 regibus
972 1341 1180 1385 defunctis
1200 1340 1478 1385 turbabantur
1497 1340 1706 1392 nationes,
1737 1340 1955 1399 plerisque
1974 1343 2057 1386 Ro-

232 1437 269 1467 ⁴5
282 1436 473 1474 manum,
515 1420 608 1465 aliis
646 1419 810 1477 regium
844 1417 1072 1476 imperium
1101 1416 1390 1475 cupientibus;
1431 1422 1473 1460 et
1500 1415 1746 1474 provinciae
1776 1416 1902 1475 Syria
1930 1422 2058 1476 atque

348 1544 380 1576 4.
400 1540 594 1583 pectebatur
613 1549 668 1583 pr.
693 1540 727 1574 M
752 1557 788 1563 —
813 1539 846 1572 7.
870 1539 916 1571 ad
938 1539 1180 1580 deprecandum
1203 1539 1328 1571 Haase.
1357 1554 1393 1560 —
1421 1537 1564 1580 ignarus
1583 1536 1789 1571 Rhenanus:
1813 1545 1940 1580 gnarus
1960 1538 1994 1571 M
2020 1554 2056 1561 —

283 1600 336 1634 40.
353 1599 480 1632 nudum
493 1598 527 1632 M
549 1597 682 1640 (nedum
695 1594 829 1637 margo)
856 1612 891 1619 —
919 1595 971 1628 42.
997 1595 1247 1628 ducentisimam
1268 1595 1314 1628 M.

284 1699 315 1733 Ο
347 1696 558 1732 ΚΤΙΣΤΗΣ
596 1694 682 1738 (scil.
711 1691 935 1738 Ἔλεούσης,
974 1691 1043 1737 τῆς
1078 1691 1149 1728 νῦν

284 1748 634 1795 μετωνομασμένης
663 1744 882 1789 Σεβαστῆς,
915 1746 1085 1787 Iosephus
1108 1746 1147 1778 A.

285 1801 340 1841 46,
365 1800 398 1840 4,
423 1800 488 1840 5.);
520 1798 665 1831 minime
689 1796 957 1829 confundendus
981 1804 1063 1828 cum
1085 1797 1152 1828 Ar-

287 1850 427 1891 chelao,
452 1849 602 1882 Iudaeae
618 1847 810 1887 tetrarcha,
836 1847 880 1879 de
897 1855 966 1889 quo
982 1846 1152 1888 Iosephus

286 1904 326 1936 A.
346 1902 398 1941 47,
419 1901 471 1933 44.
507 1900 557 1932 De
574 1899 642 1931 hoc
659 1897 907 1940 Cappadociae
923 1906 1020 1938 rege,
1045 1905 1152 1938 quem

289 1961 309 1986 a
331 1949 560 1994 popularibus
589 1950 794 1982 accusatum
816 1944 975 1981 Tiberius
998 1948 1152 1989 Augusto

289 2001 524 2044 cognoscente
558 1998 766 2032 defenderat
800 1998 951 2039 (Sueton.
986 1996 1060 2030 Tib.
1093 1995 1152 2037 8.)‚

288 2062 322 2087 v.
348 2053 412 2085 Dio
435 2051 495 2092 49,
521 2050 573 2083 32.
613 2050 667 2090 54,
690 2050 723 2082 2.
760 2050 813 2089 55,
839 2048 870 2081 9.
907 2048 960 2088 57,
988 2048 1039 2080 47.
1075 2047 1155 2080 Vis-

291 2103 385 2137 conti
417 2100 652 2143 Iconoyraphie
680 2108 734 2142 9r.
766 2100 807 2132 ΙΙ.
846 2108 881 2141 p.
913 2099 988 2133 238.
1035 2097 1156 2140 Hisely

290 2153 427 2195 Disput.
442 2151 485 2184 de
501 2151 645 2184 historia
663 2149 904 2192 Cappadociae
921 2158 955 2191 p.
970 2148 1152 2181 247-223,

298 2221 330 2226 -
357 2201 663 2244 quinquayesimum
685 2199 829 2242 annum]
862 2200 1020 2241 Regnum
1052 2206 1156 2231 acce-

291 2253 395 2296 perat
417 2251 462 2284 ab
485 2251 633 2284 Antonio
657 2259 688 2282 a.
707 2250 782 2283 748.
811 2268 845 2273 -
871 2250 974 2282 Rhodi
995 2247 1155 2291 agentem]

295 2303 346 2337 Cf.
373 2303 403 2342 4,
434 2301 466 2335 4.
493 2318 528 2324 -
561 2299 669 2342 versa]
693 2300 716 2332 i.
744 2309 775 2333 e.
802 2308 945 2340 eversa,
978 2300 1017 2332 ut
1040 2298 1077 2338 3,
1102 2299 1155 2331 36.

294 2352 348 2387 54.
375 2353 432 2392 42,
465 2351 518 2385 45.
546 2369 582 2375 —
615 2351 797 2384 Caesarum
828 2350 953 2391 subole]
986 2350 1092 2383 Lucio
1125 2350 1160 2382 et

296 2403 378 2437 Gaio
403 2402 632 2439 Caesaribusz
669 2401 712 2434 cf.
739 2402 771 2441 4,
796 2400 826 2433 3.
853 2418 889 2424 -
923 2403 1098 2433 aecusatus
1124 2400 1160 2431 in

295 2453 421 2495 senatu]
456 2453 519 2485 Dio
543 2453 597 2492 57,
623 2453 683 2484 ⁴7:
720 2447 772 2492 ὦς
801 2451 865 2484 καὶ
895 2446 1158 2498 νεωτερίζοντα

296 2514 344 2538 τι.
381 2504 470 2536 Cum
485 2501 656 2536 Archelao
680 2502 785 2534 etiam
801 2500 940 2534 Ciliciae
959 2500 1160 2543 praesidem

297 2553 425 2589 Tiberii
448 2554 545 2586 iussu
568 2560 688 2585 rerum
712 2560 884 2584 novarum
906 2559 1008 2584 reum
1027 2558 1160 2593 poenas

299 2603 440 2639 dedisse
470 2603 589 2635 narrat
618 2600 845 2636 Philostratus
876 2601 911 2634 in
942 2601 1018 2633 Vita
1048 2598 1158 2642 Apoll.

300 2655 332 2695 4,
359 2654 418 2687 ⁴2:
444 2648 496 2694 ὥς
517 2649 586 2694 ξὺν
605 2648 788 2697 Ἀρχελάῳ
811 2648 973 2697 νεώτερα
994 2649 1055 2684 ἐπὶ
1073 2645 1162 2682 Ῥω-

299 2704 440 2748 μαίους
479 2700 709 2750 πράττοντα,
757 2710 846 2743 quae
885 2710 969 2734 sane
1009 2700 1162 2733 absurda

303 2755 378 2789 erat
412 2753 506 2787 senis
540 2752 708 2794 decrepiti
743 2751 930 2784 accusatio.
963 2768 998 2773 —
1037 2750 1162 2792 aequa]

303 2812 416 2847 aequa
439 2812 520 2836 cum
545 2803 671 2836 ceteris
695 2802 867 2835 condicio.
896 2819 931 2824 —
959 2801 1057 2843 finem
1078 2801 1166 2833 vitae

303 2852 527 2895 --implevitJ
561 2853 624 2886 Dio
648 2851 669 2885 l.
694 2851 716 2885 l.
741 2849 827 2884 τότε
852 2852 906 2893 (ex
928 2850 1165 2891 accusatione)

303 2904 375 2951 μὲν
397 2901 547 2947 ἐσώθη·
584 2899 709 2944 ἄλλως
731 2901 761 2935 δ’
787 2899 832 2936 οὗ
857 2900 983 2946 πολλῷ
1007 2897 1165 2948 ὕστερον

305 2951 506 2989 ἀπέθανεν.
535 2971 570 2978 -
595 2954 631 2986 in
660 2953 869 2994 provinciam
900 2953 1070 2996 redactum
1100 2951 1166 2994 est]

306 3007 450 3040 senatus
474 3002 633 3037 consulto
656 3003 792 3044 statim,
828 3003 878 3035 uti
899 3003 1057 3043 videtur,
1087 3003 1169 3044 post

307 3054 467 3091 Archelai
489 3055 642 3087 mortem
666 3052 776 3091 facto,
802 3052 897 3095 quod
920 3062 1002 3086 mox
1025 3061 1170 3086 exsecu-

307 3108 364 3139 tus
395 3106 450 3139 est
478 3104 705 3138 Germanicus
733 3104 869 3144 missus,
907 3104 946 3135 ut
975 3103 1020 3135 ait
1049 3111 1167 3145 supra,

310 3157 356 3189 ad
387 3165 440 3189 res
477 3154 628 3188 Orientis.
668 3153 718 3187 Cf.
744 3162 775 3186 c.
801 3153 855 3186 56.
897 3152 1022 3186 Strabo
1046 3153 1098 3186 42.
1131 3161 1166 3195 p.

310 3205 388 3240 534:
429 3202 724 3248 τελευτήσαντος
757 3201 825 3236 τὸν
857 3201 943 3243 βίον
969 3198 1169 3250 Ἀρχελάου

310 3254 380 3289 τοῦ
412 3253 712 3296 βασιλεύσαντος
745 3249 840 3298 ῗέγνω
872 3253 1022 3299 Καῖσαρ
1051 3253 1116 3285 καὶ
1145 3250 1169 3296 ἡ

314 3305 526 3350 σύγκλητος
554 3306 738 3353 ἐπαρχίαν
768 3301 864 3338 εἶναι
881 3299 1074 3346 Ῥωμαίων
1101 3299 1172 3336 αὗ-

313 3353 394 3399 τήν.
421 3358 561 3390 Sueton.
587 3356 661 3390 Tib.
685 3356 740 3390 37.
765 3372 801 3378 -
827 3353 1093 3396 ducentesimam]
1119 3353 1168 3386 Cf.

314 3404 443 3441 Eckhel
470 3407 510 3440 D.
535 3407 576 3440 N.
605 3406 661 3440 VI.
693 3414 728 3450 p.
752 3403 836 3439 224:
879 3404 1073 3438 «Exhausto
1107 3412 1173 3446 per

1197 1693 1290 1727 bella
1314 1692 1425 1728 civilia
1448 1694 1584 1727 aerario
1600 1694 1776 1735 Augustus
1799 1693 1978 1728 constituit
1997 1702 2062 1727 ve-

1199 1743 1300 1787 ctigal
1338 1745 1552 1778 centesimae
1591 1745 1794 1777 auctionum
1839 1753 1905 1778 seu
1940 1753 2062 1778 rerum

1199 1793 1394 1835 venalium,
1430 1794 1526 1836 quod
1555 1803 1644 1827 onus
1676 1803 1757 1826 cum
1781 1803 1813 1826 a.
1838 1794 1902 1828 768
1930 1794 2064 1837 depre-

1201 1846 1341 1878 caretur
1371 1843 1539 1886 populus,
1580 1844 1686 1876 edixit
1719 1843 1878 1877 Tiberius
1914 1843 2063 1878 militare

1201 1895 1377 1928 aerarium
1412 1903 1454 1927 eo
1489 1893 1646 1927 subsidio
1680 1894 1752 1927 niti.
1790 1894 1889 1936 (Ann.
1920 1895 1959 1935 4,
1995 1894 2071 1936 78.).

1202 1946 1241 1978 A.
1266 1944 1348 1984 770,
1373 1945 1412 1976 ut
1434 1944 1490 1976 hic
1513 1945 1693 1985 narratur,
1724 1943 2005 1978 ducentesimam
2026 1945 2064 1979 in

1202 1995 1384 2037 posterum
1407 1994 1537 2027 statuit.
1562 1996 1602 2027 A.
1628 1993 1691 2028 784
1714 1994 1759 2027 ad
1782 1995 1971 2037 pecuniam
1993 1996 2065 2029 iam

1204 2044 1315 2077 multo
1348 2044 1511 2077 attentior
1544 2053 1686 2078 rursum
1719 2054 1784 2087 pro
1819 2044 2063 2079 ducentesima

1204 2095 1435 2128 centesimam
1469 2094 1614 2127 instituit
1646 2095 1720 2135 (Dio
1742 2095 1797 2135 58,
1831 2095 1897 2137 46).
1936 2096 1976 2129 A.
2002 2096 2059 2129 794

1205 2145 1357 2187 Caligula
1392 2145 1526 2177 comitia
1558 2144 1681 2186 populo
1717 2146 1875 2186 reddidit,
1915 2154 2001 2187 quae
2037 2146 2068 2179 ei

1207 2195 1350 2228 Tiberius
1372 2195 1494 2227 ademit
1515 2198 1545 2228 et
1565 2195 1706 2237 vecti-eal
1726 2197 1918 2229 centesimae
1939 2196 2069 2230 stastum

1207 2246 1280 2287 (Dio
1304 2245 1357 2286 59,
1383 2246 1427 2286 9).
1459 2246 1626 2279 Restituta
1650 2246 1754 2288 igitur
1775 2245 1839 2279 fuit
1859 2245 1986 2280 Tiberii
2007 2256 2068 2280 ve-

1207 2297 1263 2328 tus
1287 2295 1540 2328 ducentesima.
1576 2297 1676 2328 Anno
1700 2295 1845 2329 demum
1867 2296 1931 2329 792
1953 2297 2069 2339 ipsam

1208 2347 1315 2380 etiam
1343 2345 1622 2379 ducentesimam
1652 2355 1672 2378 a
1701 2345 1854 2388 Caligula
1882 2347 2069 2380 remissam

1208 2398 1329 2439 aperte
1353 2397 1526 2429 testantur
1546 2396 1581 2428 h.
1602 2405 1632 2428 a.
1651 2397 1787 2430 nummi
1807 2397 1963 2439 inscripti
1978 2396 2068 2430 RCC.

1208 2447 1243 2479 id
1274 2449 1346 2486 est,
1382 2446 1527 2479 Remissa
1558 2447 1804 2488 Ducentesima,
1841 2448 1947 2488 atque
1976 2446 2071 2480 istud

1210 2497 1394 2530 confirmat
1417 2497 1602 2530 Suetonius
1625 2495 1697 2530 Cal.
1723 2497 1782 2530 ⁴6:
1818 2497 2072 2531 ducentesimam

1210 2548 1400 2580 auctionum
1421 2547 1540 2579 Italiae
1560 2547 1702 2587 remisit,
1735 2548 1800 2580 etsi
1829 2548 1971 2590 tempus
2000 2556 2071 2581 non

1211 2598 1342 2630 definit.
1379 2598 1421 2630 Et
1436 2598 1656 2630 constantem
1680 2597 1786 2631 fuisse
1809 2598 1901 2631 hanc
1923 2597 2072 2631 liberali-

1211 2650 1319 2681 tatem
1358 2647 1508 2690 probant
1545 2648 1768 2689 sequentium
1806 2656 1980 2681 annorum
2010 2647 2074 2681 Ca-

1211 2698 1335 2740 ligulae
1359 2698 1510 2738 nummi,
1535 2698 1570 2730 in
1594 2698 1722 2739 quibus
1744 2697 1957 2731 heneficium
1980 2697 2074 2731 istud

1212 2759 1231 2782 a
1262 2749 1359 2791 grato
1394 2749 1520 2781 senatu
1553 2747 1760 2781 recolitur.»
1806 2748 2074 2790 inscriptionem

1214 2801 1333 2832 autem
1355 2798 1478 2831 Murat.
1504 2798 1608 2838 4992,
1634 2799 1674 2837 5,
1710 2806 1801 2840 quae
1833 2797 1924 2831 male
1952 2798 2091 2840 habuit-

1214 2849 1436 2890 turbavitque
1460 2847 1756 2881 Sanclementium
1789 2848 1850 2888 (De
1874 2847 1965 2890 vulg.
1992 2857 2074 2882 aera

1214 2910 1247 2943 p.
1267 2900 1318 2941 86)
1343 2901 1448 2941 atque
1467 2898 1557 2931 adeo
1573 2899 1689 2941 ipsum
1705 2898 1924 2941 aliquatenus
1938 2898 2076 2932 Eckhe-

1214 2951 1318 2991 lium,
1349 2957 1542 2991 numquam
1566 2949 1740 2982 exstitisse
1764 2949 1982 2982 demonstrat
2004 2950 2075 2982 Ha—

1216 3000 1434 3044 genbuchius
1462 3000 1496 3032 in
1526 3000 1704 3042 Apparatu
1733 3000 1815 3033 Mss.
1840 3000 2075 3034 Muratoriano

1216 3050 1370 3093 nihilque
1403 3048 1497 3083 aliud
1531 3050 1711 3082 continere
1746 3049 1811 3083 nisi
1849 3058 2076 3084 nummorum

1216 3101 1354 3135 illorum
1370 3099 1602 3142 inscriptionis
1617 3098 1838 3132 falsissimam
1853 3098 2074 3134 solutionem:

1219 3161 1302 3185 nam
1323 3151 1430 3184 homo
1453 3149 1551 3183 fallax
1575 3151 1680 3191 atque
1710 3150 1892 3192 imperitus
1920 3159 1963 3183 ex
1986 3151 2077 3185 notis

1220 3201 1306 3235 RCC.
1331 3201 1412 3234 fecit
1434 3201 1508 3234 REI
1527 3198 1743 3233 CENSITAE.
1763 3199 2075 3234 CONSERVATOR.

1223 3271 1257 3275 —
1283 3251 1449 3292 Antiocho]
1472 3251 1563 3283 inter
1583 3257 1686 3292 reges
1702 3249 1958 3292 Commagenus
1973 3250 2076 3285 huius

1220 3302 1370 3335 nominis
1402 3301 1520 3341 tertio,
1555 3299 1624 3333 filio
1653 3299 1813 3333 Antiochi
1833 3300 1874 3333 11.
1903 3299 2077 3333 interfecti

1221 3352 1265 3386 ab
1300 3352 1453 3393 Augusto
1482 3359 1513 3383 a.
1539 3351 1602 3383 725
1635 3350 1709 3391 (Dio
1732 3350 1791 3390 52,
1821 3348 1873 3391 43)
1909 3351 1945 3384 et
1975 3352 2076 3393 patre

1219 3402 1398 3443 Antiochi,
1429 3401 1489 3444 qui
1518 3401 1573 3434 est
1598 3398 1693 3442 apud
1720 3398 1877 3434 Tacitum
1897 3400 1938 3434 A.
1963 3399 2017 3442 43,
2041 3400 2075 3436 7.
