2254 3770
250 293 330 337 476
703 319 705 321 ·
736 294 780 337 Ρ.
813 292 1063 338 CORNELII
1093 293 1262 338 TACITI
1290 292 1559 339 ANNALIUM

246 401 350 443 tium
379 400 502 443 mittit
531 401 573 443 in
605 414 681 444 eos
711 400 784 457 qui
815 399 1108 458 praedabundi
1138 406 1209 443 aut
1249 399 1526 444 adsumendis
1562 399 1726 444 auxiliis
1761 400 2034 459 vagabantur,

246 476 339 534 ipse
375 475 508 520 robur
543 475 735 534 peditum
770 475 825 518 ad
864 475 1171 519 exsolvendum
1208 474 1422 518 obsidium
1459 474 1587 520 ducit.
1632 475 1845 535 simulque
1887 482 2037 520 cuncta

245 565 454 610 prospere
484 557 588 600 acta,
622 551 759 595 caesis
793 550 1118 609 populatoribus
1150 557 1190 594 et
1220 550 1492 595 dissensione
1524 557 1615 595 orta
1644 551 1756 610 apud
1788 551 2037 596 obsidentes

247 628 448 686 regisque
493 633 733 685 opportuna
776 627 1000 684 eruptione
1046 633 1087 670 et
1130 625 1315 669 adventu
1360 625 1554 683 legionis.
1599 640 1740 686 neque
1784 627 1920 672 aciem
1965 633 2038 671 aut

213 703 456 762 sproelium
495 703 578 747 dici
616 702 826 754 decuerit,
866 702 908 745 in
939 716 1025 761 quo
1057 702 1255 746 semermi
1286 715 1338 745 ac
1366 701 1559 760 palantes
1588 702 1914 747 trucidati·sunt
1943 703 2036 747 sine

246 786 391 823 nostro
422 779 639 836 sanguine.

359 854 439 911 (40)
471 854 634 897 Eodem
672 866 782 897 anno
814 852 1042 897 Galliarum
1079 853 1269 896 civitates
1300 851 1355 896 ob
1392 852 1727 910 magnitudinem
1763 853 1875 897 aeris
1911 852 2036 897 alieni

246 930 523 974 rebellionem
569 935 846 986 coeptavere,
893 929 1016 972 cuius
1059 927 1349 972 exstimulator
1392 928 1625 972 acerrimus
1670 929 1782 972 inter
1828 930 2036 973 Treveros

246 1005 378 1049 Iulius
410 1004 570 1056 Florus,
604 1011 706 1063 aput
726 1004 897 1048 Aeduos
918 1003 1048 1047 Iulius
1073 1004 1279 1047 Sacrovir.
1312 1002 1509 1047 nobilitas
1534 1003 1743 1048 ambobus
1765 1010 1807 1048 et
1825 1004 2036 1048 maiorum

195 1082 359 1126 aobona
395 1080 522 1129 facta,
561 1094 703 1138 eoque
742 1081 931 1135 Romana
969 1079 1116 1123 civitas
1153 1078 1254 1122 olim
1290 1078 1405 1127 data,
1450 1093 1548 1123 cum
1586 1079 1628 1123 id
1663 1093 1807 1123 rarum
1836 1094 1918 1124 nec
1954 1079 2035 1123 nisi

245 1157 386 1201 virtuti
416 1156 600 1214 pretium
621 1162 748 1200 esset.
778 1155 807 1198 ii
838 1146 1015 1199 sec'retis
1035 1154 1286 1213 conloquiis,
1318 1154 1583 1199 ferocissimo
1605 1169 1780 1213 quoque
1807 1155 2034 1214 adsumpto

244 1240 317 1277 aut
346 1232 504 1291 quibus
524 1232 580 1275 ob
601 1237 836 1289 egestatem
865 1245 916 1275 ac
945 1237 1105 1274 metum
1126 1244 1179 1274 ex
1198 1228 1365 1288 flagitiis
1395 1230 1578 1274 maxima
1606 1231 1814 1289 peccandi
1844 1231 2035 1275 necessi-

244 1309 359 1360 tudo,
392 1313 652 1365 componunt
680 1306 829 1350 Florus
855 1306 1018 1364 Belgas,
1052 1306 1251 1350 Sacrovir
1279 1306 1503 1364 propiores
1530 1305 1672 1350 Gallos
1693 1307 1878 1351 concire.
1908 1306 2034 1364 igitur

242 1398 321 1442 per
351 1382 632 1427 conciliabula
663 1388 704 1426 et
733 1388 882 1426 coetus
919 1381 1123 1425 seditiosa
1153 1381 1423 1426 disserebant
1452 1381 1507 1426 de
1542 1381 1857 1427 continuatione
1896 1381 2032 1426 tribu-

193 1473 228 1503 ⁴⁵
243 1466 394 1512 torum,
427 1459 631 1517 gravitate
662 1458 857 1509 faenoris,
891 1457 1067 1501 saevitia
1098 1471 1148 1501 ac
1178 1457 1382 1515 superbia
1410 1457 1769 1515 praesidentium3
1800 1463 1843 1502 et
1869 1456 2036 1502 discor-

243 1536 344 1579 dare
384 1534 558 1578 militem
600 1533 746 1578 audito
788 1532 1025 1577 Germanici
1065 1533 1214 1586 exiti03
1260 1533 1480 1591 egregium
1523 1533 1807 1577 resumendae
1851 1532 2033 1577 libertati

242 1618 422 1668 tempus,
454 1610 490 1653 si
520 1609 602 1667 ipsi
632 1608 846 1659 florentes,
879 1622 1008 1666 quam
1038 1608 1162 1666 inops
1183 1608 1312 1660 Italia,
1344 1622 1474 1667 quam
1493 1608 1662 1653 inbellis
1683 1609 1846 1653 urbana
1867 1608 2031 1667 plebeS,

243 1685 345 1729 nihil
381 1684 570 1729 validum
609 1685 651 1727 in
689 1683 945 1728 exercitibus
982 1683 1062 1727 nisi
1099 1683 1216 1742 quod
1247 1690 1490 1735 externum,
1529 1685 1775 1742 cogitarent.
1820 1684 1902 1742 (Μ)
1933 1684 2035 1728 haut

242 1761 375 1806 ferme
411 1760 497 1805 ulla
527 1760 673 1805 civitas
703 1759 860 1804 intacta
888 1758 1124 1803 seminibus
1155 1759 1250 1804 eius
1279 1766 1420 1804 motus
1449 1759 1544 1814 fuit3
1587 1759 1665 1804 sed
1696 1773 1879 1818 erupere
1907 1759 2032 1818 primi

306 1877 336 1909 4.
357 1868 567 1917 predabundi
589 1876 622 1908 M
655 1891 691 1898 -
729 1874 760 1907 3.
782 1883 964 1916 prosperae
989 1883 1042 1917 pr.
1067 1875 1100 1908 M
1133 1891 1170 1897 —-
1206 1873 1240 1908 4.
1264 1878 1470 1916 opportunae
1490 1875 1646 1916 ruptione
1668 1875 1702 1909 M
1727 1891 1762 1899 -
1800 1878 1883 1917 aput
1904 1875 1938 1910 M
1960 1875 2034 1918 (aut

241 1933 374 1975 margo)
401 1949 437 1956 —
469 1933 501 1965 5.
526 1932 676 1965 semermi
701 1932 770 1963 Iac.
798 1930 1006 1963 Gronovius:
1033 1939 1189 1963 semer-me
1210 1931 1245 1965 M
1253 1940 1260 1970 ;
1292 1939 1464 1964 semermes
1486 1930 1691 1965 Beroaldus.
1724 1931 1769 1965 At
1791 1931 1835 1965 cf.
1860 1932 1892 1974 4,
1918 1931 1971 1965 68.
1996 1929 2030 1972 3,

240 1989 296 2023 45.
325 2007 358 2013 -—
395 1989 449 2022 40.
475 1988 561 2020 bona
586 1988 637 2021 M:
669 1987 747 2020 bene
775 1987 983 2027 Rhenanus;
1015 1986 1080 2020 sed
1108 1986 1151 2020 cf.
1178 1996 1210 2020 c.
1236 1987 1297 2021 63:
1322 1988 1444 2029 pravis
1466 1988 1561 2020 dictis
1580 1988 1754 2030 factisque.
1782 2007 1819 2013 —
1856 1988 1910 2021 47.
1935 1986 2034 2022 blebis

241 2045 316 2088 (sic)
340 2046 374 2080 M
398 2063 434 2069 -
462 2045 514 2078 49.
538 2046 634 2087 firme
654 2053 708 2087 pr.
733 2045 779 2079 M.

240 2142 311 2172 tam
342 2139 554 2172 memorabile
585 2139 716 2181 facinus
749 2138 873 2171 videre.
916 2138 967 2172 Cf.
993 2138 1054 2181 35,
1079 2139 1112 2172 5.

240 2190 352 2223 Iidem
375 2190 546 2223 vocantur
568 2190 690 2230 equites
713 2189 892 2221 auxiliarii
914 2187 951 2230 4,
977 2189 1031 2222 73.

283 2239 338 2273 40.
364 2240 452 2272 aeris
473 2239 587 2280 alieni]
618 2238 715 2281 quod
738 2239 892 2271 maxime
916 2238 961 2271 ad
985 2238 1113 2271 tributa

241 2299 357 2323 annua
388 2289 557 2323 solvenda
587 2290 836 2322 contraxerant
858 2289 952 2331 apud
977 2290 1114 2331 equites

239 2342 435 2381 Romanos,
469 2341 530 2382 qui
560 2348 706 2381 magnas
737 2347 863 2372 usuras
887 2347 1013 2372 severe
1039 2339 1114 2372 exi-

1156 2138 1214 2172 lin.
1240 2139 1273 2172 9.
1311 2140 1392 2172 Aer.
1417 2139 1550 2172 Anxan.
1583 2140 1712 2172 Inscrr.
1743 2139 1830 2172 Latt.
1860 2147 1896 2171 n.
1930 2137 2028 2172 4346.

1155 2188 1283 2223 Paulus
1318 2190 1414 2223 Sent.
1439 2188 1477 2230 4,
1509 2189 1547 2230 6,
1572 2190 1605 2222 2.
1646 2189 1717 2223 Sed
1750 2189 1808 2222 hic
1841 2188 2030 2222 manifesto

1156 2239 1422 2283 accipiendum,
1447 2240 1487 2272 ut
1510 2241 1564 2273 est
1585 2240 1621 2272 in
1645 2239 1731 2273 Cod.
1757 2239 1890 2273 Theod.
1917 2239 1971 2281 46,
1993 2239 2027 2280 8,

1157 2291 1194 2322 l:
1225 2290 1254 2322 si
1277 2290 1351 2332 quis
1372 2298 1417 2323 ex
1433 2290 1558 2331 populo
1581 2290 1626 2322 ad
1649 2299 1763 2323 eorum
1787 2289 1955 2332 nefariam
1975 2297 2029 2322 se-

1154 2344 1243 2373 ctam
1272 2341 1444 2374 accesserit
1472 2344 1503 2373 et
1525 2340 1749 2373 conciliabulis
1771 2349 1886 2373 eorum
1907 2348 1942 2373 so
1963 2348 2029 2382 ap-

240 2390 382 2432 gebant.
418 2389 545 2423 Similis
568 2389 650 2422 olim
675 2398 781 2423 causa
797 2388 1027 2431 Allobrogum
1046 2399 1114 2431 pu·
1148 2391 1338 2432 pue-averit.
1375 2391 1543 2424 Ceterum
1567 2389 1752 2432 aliquoties
1777 2391 1882 2424 etiam
1902 2390 2027 2424 Cicero

239 2441 319 2474 blico
349 2441 578 2482 privatimque
615 2448 692 2473 aere
737 2440 844 2472 alieno
881 2449 1114 2481 oppressorum
1153 2441 1262 2483 iungit
1285 2441 1427 2474 concilia
1449 2444 1639 2482 coetusque,
1668 2442 1707 2473 ut
1729 2441 1848 2474 Somn.
1874 2440 1966 2483 Scip.
1991 2439 2024 2473 3.

242 2490 390 2533 (Sallust.
418 2489 516 2523 Catil.
535 2490 600 2532 40).
635 2490 686 2523 Cf.
705 2490 769 2523 Dio
787 2491 841 2530 62,
863 2490 883 2522 2
908 2489 952 2523 de
975 2491 1114 2524 Britan—

240 2542 315 2575 nis:
356 2537 379 2572 ὁ
414 2540 580 2582 Σενέκας
616 2538 742 2581 χιλίας
777 2541 890 2581 σφίσι
923 2537 1113 2587 μυριάδας

242 2590 537 2633 (quadringentIes
560 2591 631 2632 HS)
657 2586 820 2623 ἄκουσιν
842 2590 902 2624 ἐπὶ
925 2593 1113 2638 χρησταῖς

240 2640 366 2675 ἐλπίσι
387 2638 512 2675 τόκων
535 2639 731 2682 δανείσας,
761 2635 875 2674 ἔπειτ’
900 2637 1050 2689 ἀθρόας
1073 2651 1113 2675 τε

240 2687 324 2735 ἅμα
353 2691 418 2724 καὶ
440 2690 576 2732 βιαίως
603 2692 873 2739 εἰσέπρασσεν·
908 2701 998 2734 quae
1026 2693 1112 2725 item

240 2742 303 2776 fuit
326 2742 361 2775 in
384 2741 565 2775 seditionis
589 2750 713 2775 eorum
733 2743 860 2775 causis.
882 2760 917 2764 —
945 2742 1111 2785 Treveros]

1155 2491 1241 2524 Cato
1265 2491 1346 2524 mai.
1379 2490 1398 2532 S
1422 2490 1476 2524 84.
1502 2490 1547 2524 de
1571 2491 1668 2524 Finn.
1693 2490 1732 2532 2,
1759 2489 1778 2532 ἓ
1801 2491 1854 2524 77.
1885 2498 2028 2524 convon-

1153 2541 1256 2574 ticula
1277 2544 1308 2575 et
1330 2541 1426 2582 quasi
1448 2541 1589 2574 concilia
1611 2540 1656 2574 de
1681 2540 1787 2574 domo
1812 2541 1831 2583 5
1855 2540 1910 2574 74.

1197 2591 1251 2624 44.
1276 2591 1452 2624 seminibus
1465 2591 1535 2624 eius
1551 2591 1669 2634 motus]
1695 2589 1957 2624 incitationibus
1971 2597 2028 2623 se·

1154 2641 1289 2675 ditiosis
1313 2640 1403 2674 Flori
1426 2642 1462 2674 et
1484 2641 1669 2674 Sacroviri.
1706 2642 1762 2674 Sic
1784 2642 1910 2674 semina
1926 2639 2028 2673 rebel-

1152 2692 1249 2725 lionis
1272 2692 1325 2733 44,
1350 2691 1402 2724 49.
1425 2709 1462 2715 -
1486 2691 1653 2725 Andecavi
1675 2700 1716 2724 ac
1741 2690 1873 2733 Turoni]
1897 2689 1948 2723 Illi
1970 2691 2027 2723 in-

1154 2741 1318 2775 colebant
1341 2740 1486 2775 Galliam
1509 2741 1801 2784 Lugdunensem,
1827 2740 1932 2774 hodie
1954 2739 2026 2774 Aa·

241 2792 292 2826 Cf.
319 2793 350 2834 4,
375 2791 431 2826 44.
466 2794 584 2825 Germ.
610 2793 663 2825 28.
698 2811 733 2816 —
766 2792 870 2825 Iulius
891 2792 1024 2835 Florus]
1058 2792 1110 2826 Cf.
1145 2793 1228 2834 jou,
1254 2792 1353 2825 cuius
1376 2792 1483 2834 caput
1497 2791 1640 2834 Angers,
1665 2791 1794 2824 Turoni
1811 2791 1846 2823 la
1863 2791 2026 2824 Touraine

241 2852 332 2885 quae
355 2842 600 2875 adnotavimus
623 2841 669 2874 ad
695 2843 813 2875 Horat.
847 2842 935 2884 Epp.
962 2843 992 2883 4,
1019 2842 1050 2882 3,
1077 2843 1108 2875 4.

242 2911 277 2917 -
303 2892 448 2935 Aeduos]
485 2891 537 2925 Cf.
564 2892 617 2932 44,
643 2892 697 2925 25.
725 2909 760 2915 —
786 2892 872 2925 bona
892 2891 995 2934 facta]
1019 2892 1112 2925 inter

241 2942 426 2976 auxiliares
441 2942 691 2975 Romanorum.
714 2960 749 2964 —
775 2942 894 2975 civitas
916 2942 995 2975 olim
1017 2941 1109 2985 data]

240 2993 285 3026 ab
309 2992 394 3026 Iulio
410 2993 581 3039 Caesare,
606 2991 701 3024 unde
724 2992 830 3025 Iulius
844 2994 1006 3035 uterque,
1024 2992 1109 3025 item

239 3043 344 3077 Iulius
360 3042 467 3076 Indus
484 3051 515 3075 c.
533 3041 587 3075 42.
607 3059 642 3064 —
669 3050 744 3073 cum
766 3042 801 3074 id
821 3051 942 3075 rarum
954 3059 973 3066 -
985 3060 1004 3066 -
1020 3043 1112 3084 esset]

240 3103 309 3127 non
343 3094 381 3126 ut
414 3100 528 3133 nunc,
563 3091 695 3132 inquit,
731 3090 898 3124 crebrum
933 3101 975 3124 ac
997 3101 1108 3135 prope

239 3143 492 3186 promiscuum.
510 3159 545 3165 —
563 3140 772 3183 componunt]
790 3142 829 3173 ut
845 3141 1107 3183 συντίθεσθαι,

240 3194 330 3225 inter
363 3201 402 3226 se
437 3191 672 3231 constituunt,
711 3190 949 3232 paciscuntur.
996 3191 1109 3225 Infre-

240 3251 352 3284 quens
387 3241 601 3276 constructio
631 3239 731 3273 verbi
755 3248 837 3273 cum
859 3240 1039 3273 infinitivo.
1069 3259 1105 3266 —

238 3292 473 3335 conciliabula]
505 3290 653 3325 concilia
680 3289 897 3323 clandestina
921 3292 956 3323 et
977 3289 1104 3333 illicita,

239 3349 304 3383 per
327 3341 452 3375 domos
475 3342 638 3384 privatas.
674 3338 780 3380 Alibi,
806 3338 867 3372 ubi
889 3340 1108 3374 conciliabula

239 3391 429 3432 iunguntur
451 3399 533 3424 cum
556 3389 709 3434 oppidis,
736 3389 838 3430 vicis,
864 3388 1033 3429 castellis,
1058 3391 1107 3423 si-

239 3440 423 3483 gnificatur
444 3449 555 3483 genus
577 3440 664 3483 vici,
694 3440 734 3473 ut
761 3439 798 3473 in
820 3437 940 3473 Tabul.
966 3438 1104 3474 Heracl.

1153 2851 1235 2875 cum
1259 2841 1372 2884 capite
1398 2840 1480 2874 olim
1498 2839 1762 2882 Caesaroduno,
1785 2840 1891 2874 hodie
1909 2841 2023 2874 Tours.

1155 2911 1191 2916 —
1216 2891 1339 2924 Acilius
1359 2890 1478 2923 Aviola
1500 2890 1638 2934 leyatus]
1665 2899 1730 2933 pro
1753 2892 1918 2933 praetore
1943 2889 2025 2924 Gal-

1151 2941 1218 2975 liae
1252 2940 1506 2983 Lugdunensis.
1550 2939 1712 2974 Eundem
1744 2940 1851 2974 fuisse
1886 2941 2025 2975 censuit
2080 2978 2081 2981 Ἰ

1151 2992 1288 3035 Lipsius
1311 2992 1418 3033 atque
1443 2998 1526 3024 eum
1549 2989 1594 3023 de
1619 2998 1690 3032 quo
1712 2989 1843 3024 Plinius
1865 2992 1905 3025 N.
1927 2991 1970 3024 H.
1987 2991 2020 3032 7,

1151 3041 1170 3084 g
1195 3040 1277 3074 ⁴73:
1309 3040 1430 3074 Aviola
1457 3040 1642 3074 consularis
1670 3040 1707 3073 in
1727 3049 1810 3083 rogo
1831 3041 1957 3074 revivit
1976 3044 2020 3083 ot,

1151 3091 1308 3133 quoniam
1351 3090 1518 3124 subveniri
1561 3099 1628 3123 mm
1668 3091 1776 3132 potuit
1807 3091 2023 3132 praevalente

1148 3143 1305 3186 flamma,
1329 3141 1427 3175 vivus
1447 3143 1613 3174 armatus
1634 3143 1691 3174 est.
1718 3139 1769 3174 Cf.
1794 3139 1910 3174 Valet.
1927 3141 2018 3175 Max.

1151 3193 1182 3234 4,
1210 3193 1268 3234 42,
1293 3192 1326 3226 8.
1352 3191 1554 3230 -‚cohorto
1575 3199 1662 3234 quae
1682 3190 1837 3233 Lugduni
1859 3200 1916 3233 pr.
1941 3191 2020 3234 aqi-

1148 3241 1251 3284 tabat]
1276 3242 1375 3275 Hanc
1399 3240 1505 3275 fuisse
1524 3241 1691 3274 cohortem
1704 3240 1782 3273 XIII
1791 3239 1958 3274 urbanam
1975 3247 2019 3274 ex

1148 3290 1434 3335 inscriptionibus
1467 3289 1759 3334 Lugdunensibus
1793 3289 1855 3332 (cf.
1885 3291 2015 3324 Inscrr.

1148 3343 1236 3375 Latt.
1262 3351 1297 3375 n.
1324 3341 1420 3383 6808)
1449 3341 1569 3375 docuit
1589 3340 1652 3374 Th.
1676 3341 1873 3375 Mommsen
1894 3340 2017 3374 Annali

1147 3391 1219 3425 dell'
1242 3391 1393 3425 Instituta
1417 3390 1502 3425 4853
1531 3399 1568 3434 p.
1593 3389 1635 3424 74
1657 3397 1711 3432 sq.
1746 3389 1835 3423 Vide
1858 3390 1904 3424 ad
1926 3391 2014 3425 Hist.

1149 3441 1179 3484 4,
1204 3439 1258 3475 64.
1284 3458 1321 3465 -
1357 3441 1504 3476 mollius
1534 3439 1658 3481 Varro]
1692 3438 1814 3475 consul
1845 3439 2015 3476 suffectus
