2254 3770
633 273 790 334 mmm
819 289 870 333 11.
909 288 1011 346 cap.
1043 287 1111 332 52.
1142 287 1211 331 53.
1242 287 1310 331 54.
1344 287 1412 331 55.
1837 280 1919 324 ⁴⁴5

126 412 303 443 suorum
323 397 431 441 facta
451 396 652 455 dictaque
671 395 984 454 praeferentes,
1016 408 1104 453 quo
1123 393 1222 452 plus
1243 392 1499 452 dignationis
1519 389 1706 435 adulatio
1726 387 1918 433 haberet.

126 474 208 531 (54)
238 473 369 532 petita
396 472 498 517 inde
527 472 704 516 Euboea
732 471 913 515 tramisit
940 469 1144 520 Lesbum,
1176 469 1251 513 ubi
1271 469 1502 527 Agrippina
1529 465 1763 510 novissimo
1792 468 1918 521 partu

124 548 274 593 Iuliam
302 548 449 593 edidit.
498 554 589 592 tum
618 554 808 592 extrema
828 546 955 591 Asiae
983 544 1320 603 Perinthumque
1349 558 1401 588 ac
1419 542 1688 604 Byzantium,
1717 538 1918 584 Thracias

124 624 274 675 urbes,
305 638 406 668 mox
424 622 699 683 Propontidis
729 622 947 681 angustias
978 627 1021 665 et
1040 635 1089 665 os
1108 621 1333 665 Ponticum
1351 619 1493 670 intrat,
1527 617 1728 676 cupidine
1747 622 1919 660 veteres

127 700 245 744 locos
266 706 309 743 et
327 699 439 743 sama
457 699 698 744 celebratos
718 697 944 750 noscendi;
974 697 1224 755 pariterque
1250 695 1494 754 provincias
1523 692 1702 738 internis
1722 689 1949 736 certami-5

126 775 254 819 nibus
283 781 357 819 aut
385 775 709 834 magistratuum
737 773 903 818 iniuriis
922 773 1060 817 fessas
1081 771 1314 816 refovebat.
1364 777 1493 829 atque
1516 769 1635 813 illum
1654 768 1698 811 in
1716 779 1921 824 regressu

125 865 248 896 sacra
270 850 595 895 Samothracum
615 850 757 894 visere
777 849 981 893 nitentem
1002 848 1117 892 obvii
1147 847 1371 906 aquilones
1392 845 1613 904 depulere.
1655 844 1785 902 igitur
1805 842 1920 887 adito

125 925 202 970 Ilio
232 940 435 985 quaeque
476 926 534 970 ibi
564 925 769 970 varietate
798 924 994 969 fortunae
1035 930 1078 968 et
1105 923 1239 967 nostri
1269 922 1434 980 origine
1462 920 1729 971 veneranda,
1769 917 1923 975 relegit

123 1002 266 1046 Asiam
307 1001 570 1060 adpellitque
606 1000 874 1059 Colophona,
912 1006 959 1043 ut
989 999 1116 1044 Clarii
1144 998 1350 1057 Apollinis
1380 997 1555 1042 oraculo
1582 1001 1788 1041 uteretur.
1835 1007 1923 1037 non

124 1077 282 1122 femina
310 1077 412 1130 illic,
443 1084 491 1121 ut
521 1083 624 1135 aput
642 1075 851 1134 Delphos,
883 1075 962 1120 sed
984 1075 1112 1120 certis
1133 1089 1158 1119 e
1178 1073 1346 1118 familiis
1377 1080 1419 1118 et
1437 1073 1572 1117 ferme
1596 1072 1738 1116 Mileto
1759 1070 1920 1115 accitus
1934 1081 1971 1111 ω

126 1153 331 1198 sacerdos
360 1166 589 1197 numerum
616 1152 747 1196 modo
779 1151 1109 1196 consultantium
1130 1156 1175 1195 et
1191 1150 1364 1194 nomina
1384 1149 1520 1202 audit;
1550 1155 1642 1193 tum
1669 1148 1714 1191 in
1742 1159 1922 1205 specum

126 1229 380 1288 degressus,
425 1228 577 1273 hausta
605 1227 732 1272 fontis
762 1228 908 1272 arcani
938 1241 1070 1286 aqua,
1112 1227 1286 1284 ignarus
1325 1225 1583 1284 plerumque
1613 1224 1850 1268 litterarum
1879 1226 1923 1265 et

126 1305 380 1357 carminum,
403 1303 492 1349 edit
509 1317 722 1362 responsa
737 1303 936 1348 versibus
957 1302 1207 1361 compositis
1228 1316 1361 1361 super
1380 1301 1514 1346 rebus
1535 1314 1644 1360 quas
1661 1299 1759 1358 quis
1777 1303 1922 1342 mente

126 1380 334 1439 concepit.
379 1387 421 1424 et
440 1379 660 1424 ferebatur
680 1379 935 1423 Germanico
956 1393 1037 1437 per
1056 1378 1277 1437 ambages,
1298 1384 1347 1422 ut
1365 1391 1460 1422 mos
1481 1375 1685 1428 oraculis,
1707 1381 1924 1418 maturum

127 1457 303 1502 exitium
332 1455 557 1501 cecinisse.
617 1455 699 1512 (55)
730 1461 774 1498 at
793 1455 1002 1504 Cn.Piso‚
1035 1468 1122 1513 quo
1142 1454 1446 1513 properantius
1467 1453 1679 1498 destinata
1698 1451 1920 1509 inciperet,
1935 1462 1973 1492 45

126 1533 339 1578 civitatem
354 1530 678 1576 Atheniensium
698 1529 870 1574 turbido
891 1531 1065 1575 incessu
1086 1531 1332 1575 exterritam
1352 1529 1545 1575 oratione
1566 1541 1698 1573 saeva
1716 1527 1922 1585 increpat,

191 1659 224 1693 3.
248 1659 435 1701 buiantium
455 1659 490 1693 M
514 1675 551 1682 —
576 1658 610 1690 7.
633 1658 862 1691 samothacum
883 1658 918 1693 M
944 1676 981 1682 —
1005 1658 1097 1692 adito
1118 1658 1180 1691 llio
1201 1659 1229 1692 Ι.
1254 1659 1335 1691 Sev.
1364 1657 1488 1691 Vater:
1520 1656 1587 1690 alio
1609 1656 1644 1691 M
1667 1654 1819 1699 (aliaque
1840 1660 1928 1694 quoe

125 1716 171 1750 ibi
194 1717 231 1749 et
254 1716 321 1749 alio
344 1717 402 1759 qui
424 1723 511 1757 quae
530 1714 577 1748 ibi
598 1714 758 1758 margo);
788 1714 831 1748 ah
851 1715 913 1750 Ilio
935 1715 1111 1749 Heinsius.
1139 1731 1176 1740 —
1206 1715 1238 1749 8.
1263 1715 1469 1749 uarietatate
1489 1714 1524 1749 M
1549 1732 1586 1738 -
1616 1713 1649 1747 9.
1673 1711 1872 1752 adbellitque
1892 1708 1928 1743 M

128 1789 165 1796 —
191 1773 246 1806 45.
270 1775 308 1806 at
330 1771 404 1815 Cn.]
427 1770 467 1805 A.
486 1770 520 1804 T.
539 1770 575 1805 G.
591 1771 635 1804 N.
660 1771 707 1805 M.

127 1887 243 1913 rerum
273 1877 515 1918 verborumque
546 1877 670 1910 honore
702 1877 862 1910 oriundos
894 1877 937 1911 ab
970 1886 1003 1911 se

129 1930 293 1962 Romanos
317 1927 593 1970 praeferentibus.
631 1927 733 1960 Idem
756 1929 924 1970 expertus
949 1929 1004 1961 est

129 1979 360 2012 Germanicus
371 2004 379 2019 ,
405 1977 503 2020 quod
526 1977 609 2010 olim
624 1977 717 2010 Sulla
732 1978 768 2010 in
782 1978 1003 2010 Athenarum

130 2030 313 2072 (linguatae
334 2030 479 2062 civitatis
500 2027 642 2062 Tertull.
668 2028 714 2061 de
737 2029 863 2062 Anima
886 2029 916 2070 3)
942 2037 1004 2071 op-

127 2080 353 2122 pugnatione.
393 2078 483 2112 Plut.
509 2078 602 2111 Sulla
618 2078 680 2111 ⁴3:
704 2077 840 2120 legatos
863 2077 919 2111 ille
934 2074 1004 2111 τὸν

128 2129 262 2173 Θησέα
282 2130 349 2163 καὶ
371 2126 440 2162 τὸν
461 2125 670 2173 Εὔμολπον
692 2130 759 2162 καὶ
782 2128 831 2162 τὰ
850 2126 1004 2173 Μηδικὰ

127 2179 514 2225 σεμνολογουμένους
547 2189 630 2213 cum
666 2181 858 2222 ignominia
887 2181 1005 2214 faces-

127 2240 210 2264 sere
232 2232 345 2265 iussit.
382 2231 579 2264 Levitatem
593 2231 866 2264 Atheniensium
886 2232 1005 2274 poste-

128 2282 265 2314 riorum
294 2282 381 2314 item
413 2281 555 2323 egregie
578 2281 690 2323 pingit
712 2281 829 2315 Livius
851 2280 888 2314 3⁴
906 2307 914 2323 ,
939 2280 1001 2315 44:

129 2332 188 2374 qui
211 2332 363 2375 quidem,
387 2332 519 2374 iuquit,
543 2330 661 2363 litteris
673 2331 862 2372 verbisque,
888 2331 1006 2372 quibus

129 2381 235 2415 solum
255 2382 385 2422 valent,
417 2381 536 2414 bellum
557 2381 716 2414 adversus
736 2381 923 2423 Philippum
942 2389 1005 2423 qe-

126 2431 258 2465 rebant.
290 2433 343 2465 De
366 2432 475 2465 nimia
498 2433 718 2465 Graecorum
739 2431 940 2465 adulatione
957 2431 1003 2465 cf.

130 2483 237 2516 etiam
258 2483 382 2515 Iuven.
407 2481 440 2523 3,
465 2481 552 2515 74-
566 2482 644 2516 ⁴08.

172 2532 228 2567 54.
252 2532 309 2565 ubi
329 2532 518 2575 Agrippina
539 2533 624 2575 σοι]
647 2533 724 2566 Huc
738 2532 822 2566 facit
836 2541 1005 2566 nummus

131 2592 152 2616 a
172 2582 394 2625 Mytilenaeis
418 2591 526 2616 cusus
548 2582 645 2625 apud
667 2581 798 2616 Eckhel
819 2583 861 2616 D.
885 2583 928 2616 N.
944 2583 1002 2615 VI.

130 2642 167 2676 p.
190 2632 275 2667 2⁴4:
308 2630 446 2666 ΘΕΑΝ.
478 2630 661 2665 ΑΙΟΛΙΝ.
689 2630 1002 2666 ΑΓΡΠΠΙΙΝΑΝ.

131 2683 258 2716 ΜΤΤῙ.
283 2684 389 2725 atque
413 2682 542 2716 eadem
554 2681 758 2716 adulatione
774 2682 894 2717 titulus
909 2682 1005 2726 apud

131 2735 257 2769 Mul-at.
291 2734 379 2775 228,
416 2733 455 2765 ⁴:
496 2732 538 2767 Ο.
575 2731 748 2766 ΔΑΜΟΣ.
788 2733 1001 2767 ΝΕΡΩΝΑ.

131 2782 352 2817 ΚΑΙΣΑΡΑ.
384 2782 547 2816 ΠΑΙΔΑ.
573 2783 708 2817 ΘΕΟΤ.
732 2784 870 2818 NEOY.
894 2785 1004 2818 ΓΕΡ-

131 2833 360 2868 ΜΑΝΙΚΟΤ.
413 2833 664 2868 ΚΑΙΣΑΡΟΣ.
714 2834 812 2868 ΚΑΙ.
861 2835 1002 2870 ΘΕΑΣ.

131 2883 372 2918 ΑΙΟΔΙΔΟΣ.
397 2883 727 2921 ΚΑΡΠΟΦΟΡΑΣ.
749 2885 1005 2920 ΑΓΡΙΠΠΕΙ-

131 2934 240 2969 ΝΑΣ.
270 2951 308 2960 -
343 2936 545 2978 Perinthum]
579 2938 706 2970 Postea
740 2936 916 2980 appellata
950 2939 1007 2971 est

133 2985 304 3020 Heraclea
332 2986 522 3028 Thraciae,
559 2986 655 3020 unde
685 2987 792 3020 hodie
814 2987 939 3021 Erekli.
965 3005 1002 3011 -—

131 3037 396 3079 mayistratuum
410 3037 544 3070 iniuriis
556 3038 670 3080 fossas]
688 3037 739 3071 Cf.
755 3038 827 3072 Cic.
846 3037 892 3070 ad
907 3039 1003 3071 Fam.

133 3086 172 3128 3,
205 3087 244 3128 8,
275 3087 316 3120 5:
351 3087 424 3129 Ego
453 3091 565 3121 autem
591 3097 668 3121 cum
694 3088 756 3121 hoc
783 3089 1005 3130 suscepissem,

132 3145 200 3169 non
221 3136 327 3169 solum
347 3136 476 3169 iustitia
496 3137 553 3171 sed
573 3138 675 3170 etiam
689 3138 920 3171 misericordia
941 3138 1006 3171 ad-

136 3186 271 3227 ductus,
302 3189 341 3218 ut
362 3186 508 3220 levarem
528 3187 671 3219 miseriis
688 3187 840 3228 perditas
859 3188 1008 3220 civitates

136 3237 167 3268 ct
194 3236 398 3277 perditas
429 3236 609 3269 maxime
628 3245 702 3278 per
720 3235 1008 3280 inayistratus

138 3291 248 3326 suos,
271 3293 340 3318 non
357 3285 454 3326 potui
471 3286 508 3318 in
522 3286 580 3318 illo
594 3289 728 3327 sumptu
741 3296 809 3319 non
822 3286 1007 3320 necessario

139 3334 308 3377 maleqens
329 3343 407 3368 csse.
431 3335 532 3369 Idem
555 3335 602 3368 ad
622 3337 692 3369 Att.
717 3336 749 3377 6,
773 3336 814 3376 2,
839 3336 880 3369 5:
914 3336 1009 3370 Mira

142 3388 236 3418 orm
256 3385 293 3418 in
313 3385 502 3419 civitatibus
517 3386 666 3429 ipsorum
678 3387 774 3428 furta
788 3387 1006 3428 Graecorum,

143 3439 228 3473 quae
254 3435 533 3478 mouisti-atus
558 3436 623 3470 tui
649 3437 808 3480 fecerant.
840 3452 877 3462 —
907 3445 1008 3471 sacra

1052 1877 1319 1921 Samothracum]
1346 1877 1557 1911 cabirorum
1579 1877 1772 1919 mysteria,
1797 1875 1928 1919 quibus

1053 1929 1181 1961 initiari
1203 1927 1326 1962 volens
1350 1937 1422 1961 non
1436 1929 1562 1971 potuit.
1588 1928 1640 1961 Cf.
1658 1927 1834 1969 Schelling
1847 1926 1930 1959 uber·

1053 1980 1105 2012 die
1120 1979 1303 2013 Gottheiten
1317 1988 1383 2012 von
1397 1979 1627 2012 Samothrace.
1644 1979 1813 2021 Stuttqart
1830 1980 1928 2011 1815.

1054 2030 1085 2063 8.
1113 2030 1349 2072 (Tiberianum
1373 2029 1536 2064 seculum
1558 2031 1852 2074 superstitionum
1873 2037 1931 2062 ce-

1053 2081 1356 2122 rimoniarumque
1380 2081 1600 2122 magicarum
1626 2080 1691 2114 fuit
1712 2079 1932 2114 studiosissi-

1053 2140 1170 2171 mum3
1207 2131 1335 2172 hisque
1365 2132 1511 2174 pronior
1545 2132 1775 2167 Germanicus
1804 2132 1932 2164 Samo-

1053 2182 1218 2215 thracum
1234 2191 1354 2223 sacra,
1373 2183 1570 2225 Canopum,
1589 2182 1796 2226 Memphim,
1820 2181 1931 2215 urbes

1054 2232 1233 2275 Serapidis
1264 2234 1301 2265 et
1322 2232 1443 2275 Apidis
1467 2232 1563 2266 cultu
1586 2231 1810 2275 oraculisque
1834 2230 1933 2265 cele-

1054 2282 1275 2316 bratissimas
1299 2282 1398 2315 adire
1420 2282 1542 2316 voluit.
1567 2284 1684 2325 Bnor.)
1703 2301 1739 2306 —
1764 2284 1856 2316 adito
1870 2284 1931 2317 llio

1055 2333 1140 2374 cet.]
1173 2333 1264 2366 Cum
1293 2333 1347 2366 his
1371 2334 1573 2366 Germanici
1598 2332 1785 2367 itineribus
1809 2333 1933 2367 confe-

1054 2384 1168 2417 renda
1195 2385 1279 2417 sunt
1308 2392 1401 2425 quae
1432 2383 1478 2417 de
1507 2383 1657 2418 Aemilio
1679 2383 1787 2418 Paulo
1811 2385 1932 2418 narrat

1055 2434 1172 2467 Livius
1206 2433 1269 2474 45,
1301 2434 1344 2467 27
1370 2443 1451 2476 sqq.
1490 2451 1527 2457 —
1561 2435 1727 2468 varietate
1760 2435 1930 2478 fortunae]

1056 2484 1352 2527 Quandoquidem
1380 2485 1508 2518 Priami
1534 2486 1733 2529 Paridisque
1759 2486 1852 2520 busto
1873 2487 1933 2519 In-

1054 2536 1156 2569 sultat
1178 2540 1368 2570 armentum
1390 2539 1421 2569 et
1443 2536 1572 2569 catulos
1591 2537 1686 2579 ferae
1704 2537 1818 2571 Celant
1839 2538 1933 2571 inul-

1055 2589 1121 2619 tae.
1137 2587 1247 2619 Dosn.
1266 2603 1303 2609 —
1331 2586 1438 2619 clarii
1450 2586 1612 2628 Apollinis
1625 2587 1774 2630 oraculo]
1792 2587 1929 2630 Clarus,

1053 2636 1173 2669 Ioniae
1197 2636 1370 2679 oppidum
1393 2645 1505 2678 prope
1522 2636 1779 2680 Colophonem.
1804 2637 1931 2671 Strabo

1054 2685 1109 2726 ⁴4,
1124 2687 1156 2727 4,
1170 2686 1213 2718 27
1224 2695 1261 2729 p.
1274 2685 1355 2719 642:
1380 2681 1406 2728 ἦ
1422 2685 1628 2728 Κολοφών,
1645 2685 1757 2730 πόλις
1768 2683 1930 2731 Ἰωνική,

1054 2736 1121 2769 καὶ
1142 2733 1218 2784 πρὸ
1241 2733 1362 2779 αὐτῆς
1384 2730 1507 2778 ἄλσος
1527 2735 1596 2771 τοῦ
1614 2737 1783 2786 Κλαρίου
1797 2734 1932 2772 Ἀπόλ-

1054 2785 1194 2829 λωνος,
1225 2786 1267 2820 ἐν
1295 2781 1326 2832 ᾦ
1359 2788 1425 2820 καὶ
1454 2791 1638 2831 μαντεῖον
1667 2783 1717 2832 ἦν
1740 2789 1833 2823 ποτὲ
1856 2799 1931 2822 πα-

1054 2835 1177 2870 λαιόν.
1214 2837 1285 2870 Sed
1307 2837 1477 2871 manebat
1500 2837 1684 2872 oraculum
1709 2840 1816 2872 etiam
1831 2839 1931 2872 Plinii

1054 2886 1289 2930 temporibus.
1321 2888 1362 2920 N.
1387 2888 1429 2920 H.
1454 2889 1493 2929 2,
1524 2888 1545 2930 ἓ
1568 2888 1653 2921 232:
1691 2888 1874 2930 Colophone
1894 2890 1931 2921 in

1053 2938 1214 2979 Apollinis
1243 2937 1348 2971 Clarii
1371 2946 1470 2979 specu
1492 2938 1616 2971 lacuna
1637 2942 1703 2980 est,
1735 2940 1830 2972 cuius
1847 2942 1931 2980 potu

1054 2988 1145 3021 mira
1171 2988 1358 3020 redduntur
1387 2989 1549 3029 oracula,
1580 2988 1758 3023 bibentium
1780 2989 1931 3022 breviore

1052 3038 1136 3071 vita.
1171 3039 1262 3071 Raro
1289 3039 1411 3072 tamen
1437 3037 1503 3072 illis
1533 3039 1754 3082 temporibus
1785 3037 1930 3072 consul-

1055 3089 1132 3120 tum
1156 3096 1237 3121 esse
1258 3088 1410 3122 videtur.
1445 3089 1519 3123 Etsi
1541 3090 1785 3133 interroyatum
1801 3089 1930 3130 Apolli-

1054 3139 1107 3170 nis
1130 3138 1234 3171 Clarii
1256 3139 1474 3172 simulacrum
1496 3140 1604 3174 etiam
1627 3149 1648 3173 a
1670 3139 1776 3174 Lollia
1794 3138 1929 3173 Claudii

1054 3187 1297 3230 temporibus,
1321 3189 1387 3222 sed
1408 3190 1560 3223 Romae:
1587 3191 1678 3224 Ann.
1704 3190 1758 3230 ⁴2,
1783 3189 1838 3223 22.

1121 3288 1176 3321 55.
1208 3287 1340 3322 turbido
1369 3289 1496 3323 incessu
1527 3287 1737 3330 exterritam]
1775 3288 1826 3321 Ex
1856 3289 1927 3323 im·

1055 3338 1198 3379 proviso
1234 3338 1331 3371 haud
1368 3338 1476 3372 dubie
1512 3340 1547 3372 et
1579 3337 1748 3371 militibus
1778 3338 1927 3381 stipatus

1057 3388 1239 3431 tamquam
1273 3388 1440 3422 hostilem
1477 3389 1514 3421 in
1546 3387 1677 3421 urbem
1703 3389 1924 3431 intraverat,

1057 3436 1148 3472 adeo
1170 3440 1211 3472 ut
1231 3438 1297 3473 rite
1314 3441 1351 3472 et
1359 3437 1558 3473 honorifice
1575 3438 1689 3481 excipi
1704 3445 1776 3474 non
1787 3439 1923 3482 posset.
