2254 3770
346 323 430 370 466
823 325 868 368 P.
900 324 1149 369 CORNELII
1178 324 1348 369 TACITI
1375 325 1644 371 ANNALIUM

348 437 574 490 postquam
602 432 646 475 in
674 431 851 490 propius
881 445 1133 489 suggressos
1165 431 1298 475 hostis
1325 438 1443 476 certo
1474 432 1584 477 iactu
1615 432 1698 478 tela
1716 433 1989 485 exhauserat,
2014 434 2130 480 velut

349 521 486 553 cuneo
507 508 656 565 erupit.
678 507 794 552 idem
815 507 1080 551 auxiliarium
1100 507 1305 565 impetus,
1328 514 1370 551 et
1389 522 1524 566 eques
1545 508 1751 566 protentis
1767 509 1899 554 hastis
1913 510 2131 568 perfringit

346 583 465 641 quod
506 583 679 627 obvium
718 589 760 627 et
797 582 984 627 validum
1014 590 1116 627 erat.
1162 584 1290 627 ceteri
1328 590 1445 641 terga
1475 584 1730 641 praebuere,
1771 585 1930 629 difficili
1959 584 2128 643 effugio,

346 659 448 717 quia
469 659 740 705 circumiecta
760 657 956 703 vehicula
976 665 1227 716 saepserant
1246 658 1398 703 abitus.
1429 666 1472 704 et
1491 659 1613 704 miles
1634 674 1687 704 ne
1708 660 1935 705 mulierum
1954 660 2131 719 quidem

313 734 441 779 cneci
472 733 757 792 temperabat3
789 733 1042 792 confixaque
1072 733 1166 778 telis
1197 735 1324 778 etiam
1354 735 1540 778 iumenta
1570 749 1797 794 corporum
1818 735 2035 780 cumulum
2055 750 2132 780 au-

344 816 506 855 xerant.
551 809 666 855 clara
695 816 737 854 et
766 809 950 868 antiquis
979 809 1167 854 victoriis
1197 823 1274 867 par
1304 823 1355 854 ea
1374 809 1444 854 die
1473 810 1565 855 laus
1586 818 1726 869 parta:
1758 811 1920 870 quippe
1940 811 2130 871 suntqui

344 885 471 943 paulo
500 885 640 930 minus
669 899 800 944 quam
829 885 1041 943 octoginta
1070 884 1186 929 milia
1204 886 1501 930 Britannorum
1521 886 1731 931 cecidisse
1753 886 1930 939 tradant,
1951 886 2131 932 militum

343 960 666 1019 quadringentis
706 961 840 1006 ferme
880 960 1110 1005 interfectis
1146 974 1226 1005 nec
1256 960 1387 1006 multo
1415 961 1599 1020 amplius
1626 961 1871 1006 vulneratis.
1914 961 2129 1009 Boudicca

345 1037 472 1081 vitam
492 1051 659 1082 veneno
679 1035 824 1081 finivit.
856 1043 898 1082 et
918 1037 1102 1081 Poenius
1122 1037 1361 1089 Postumus,
1392 1038 1633 1095 praefectus
1654 1045 1890 1082 castrorum
1910 1037 2128 1084 secundae

291 1112 539 1171 iolegionis,
573 1113 751 1170 cognitis
771 1112 1259 1171 quartadecumanorum
1280 1112 1724 1172 vicesimanorumque
1744 1114 1964 1172 prosperis
1983 1112 2126 1165 rebus,

341 1188 443 1247 quia
486 1188 580 1246 pari
623 1188 758 1246 gloria
794 1188 1008 1246 legionem
1043 1202 1164 1232 suam
1204 1188 1474 1233 fraudaverat
1502 1188 1795 1248 abnueratque
1825 1196 1973 1235 contra
2001 1189 2128 1235 ritum

340 1263 513 1307 militiae
543 1263 662 1308 iussa
690 1263 834 1316 ducis,
865 1277 914 1308 se
944 1264 1084 1322 ipsum
1114 1263 1254 1321 gladio
1285 1264 1500 1323 transegit.

453 1339 534 1397 (38)
567 1339 819 1384 Contractus
850 1339 1006 1384 deinde
1036 1339 1174 1383 omnis
1203 1340 1416 1384 exercitus
1455 1340 1536 1384 sub
1564 1339 1749 1398 pellibus
1778 1339 1947 1384 habitus
1979 1345 2046 1384 est
2070 1339 2126 1385 ad

340 1414 505 1473 reliqua
546 1414 643 1461 belli
682 1414 982 1474 perpetranda.
1036 1414 1238 1473 auxitque
1281 1416 1427 1473 copias
1458 1416 1619 1460 Caesar
1646 1415 1788 1460 missis
1818 1429 1871 1460 ex
1901 1415 2126 1460 Germania

290 1502 326 1532 ⁴5
340 1490 511 1535 duobus
540 1490 875 1549 legionariorum
904 1489 1085 1542 milibus,
1117 1497 1214 1535 octo
1244 1491 1512 1535 auxiliarium
1533 1490 1780 1536 cohortibus
1800 1504 1852 1536 ac
1870 1489 1984 1535 mille
2004 1490 2128 1549 equi-

339 1566 472 1620 tibus;
510 1580 696 1625 quorum
734 1566 919 1611 adventu
949 1565 1105 1610 nonani
1136 1565 1368 1624 legionario
1398 1566 1528 1611 milite
1558 1566 1743 1625 suppleti
1773 1572 1883 1611 sunt.
1926 1565 2126 1612 cohortes

339 1641 521 1700 alaeque
551 1642 674 1687 novis
705 1641 991 1686 hibernaculis
1012 1641 1196 1693 locatae,
1230 1642 1435 1700 quodque
1455 1643 1672 1686 nationum
1691 1642 1940 1700 ambiguum
1958 1648 2032 1687 aut
2051 1641 2128 1686 ad-

338 1731 511 1762 versum
548 1717 704 1769 fuerat,
744 1717 829 1775 igni
865 1724 993 1776 atque
1033 1717 1144 1761 ferro
1173 1723 1374 1762 vastatur.
1421 1717 1499 1762 sed
1532 1717 1635 1762 nihil
1665 1731 1804 1776 aeque
1834 1731 1963 1775 quam
1991 1716 2125 1762 fames

338 1793 552 1851 affligebat
582 1792 776 1837 serendis
806 1792 997 1851 frugibus
1028 1793 1283 1843 incuriosos,
1328 1799 1370 1837 et
1400 1794 1514 1837 omni
1544 1800 1682 1839 aetate
1712 1793 1766 1838 ad
1796 1793 1957 1838 bellum
1984 1806 2122 1845 versa,

287 1869 442 1914 eodum
470 1875 639 1913 nostros
669 1875 932 1913 commeatus
963 1868 1045 1912 sibi
1074 1868 1298 1912 destinant.
1329 1876 1565 1927 gentesque
1592 1869 1864 1927 praeferoces
1886 1867 2048 1914 tardius
2069 1867 2124 1914 ad

337 1958 490 2004 pacem
526 1944 800 1996 incIInabant,
841 1944 943 2002 quia
980 1943 1112 1987 Iulius
1142 1943 1445 1996 Classicianus,
1487 1958 1715 1989 successor
1743 1945 1847 1990 Cato
1886 1944 2044 1990 missus
2082 1949 2126 1988 et

337 2021 540 2065 Suetonio
561 2020 739 2072 discors,
765 2019 927 2064 bonum
947 2019 1163 2078 publicum
1182 2020 1355 2078 privatis
1376 2019 1659 2064 simultatibus
1678 2019 1938 2078 impediebat
1958 2019 2124 2078 disper-

336 2102 538 2155 seratque
566 2110 726 2141 novum
754 2095 940 2154 legatum
969 2095 1280 2153 opperiendum
1310 2109 1425 2148 esse,
1463 2095 1555 2140 sine
1585 2095 1727 2140 hostili
1755 2095 1820 2140 ira
1848 2102 1892 2140 et
1919 2095 2124 2154 superbia

400 2219 432 2252 t.
452 2221 630 2260 postquam
651 2217 687 2250 in
703 2218 846 2259 propius
866 2225 1055 2260 suppressos
1069 2215 1299 2250 Doederlein:
1320 2220 1498 2259 postquam
1511 2216 1651 2259 propius
1664 2225 1856 2260 suppressus
1869 2217 1921 2256 M:
1942 2219 2120 2259 postquam

332 2274 470 2316 propius
487 2274 668 2317 suggressis
689 2274 838 2316 Lipsius.
859 2291 895 2297 -
920 2273 1018 2306 uelud
1040 2274 1074 2307 M
1092 2291 1126 2296 —
1152 2274 1185 2306 2.
1211 2274 1290 2306 astis
1311 2274 1346 2308 M
1371 2291 1407 2296 —
1432 2273 1464 2307 3.
1490 2274 1649 2315 effuqium
1673 2273 1707 2308 M
1723 2291 1759 2297 -
1785 2273 1818 2308 4.
1842 2276 2013 2316 sepserant
2032 2273 2067 2308 M
2081 2289 2119 2298 -—

334 2333 366 2365 5.
392 2331 447 2365 teli
469 2332 502 2365 M
527 2349 563 2356 -—
588 2331 621 2364 7.
646 2330 830 2373 octinyinta
851 2331 886 2364 M
904 2348 939 2354 —
960 2329 1206 2364 brittannorum
1220 2330 1254 2364 Μ
1273 2348 1307 2355 -
1325 2330 1358 2363 8.
1375 2329 1535 2363 boudicca
1549 2330 1604 2364 M:
1627 2330 1795 2363 Boudicca
1809 2329 1925 2371 vulgo.
1950 2329 2001 2365 Cf.
2019 2338 2052 2364 ο.
2064 2328 2120 2365 31.

336 2404 374 2412 —
401 2387 454 2420 40.
480 2386 709 2428 quartadecim
732 2387 893 2419 [anorum
922 2395 976 2428 pr.
1002 2387 1056 2426 M;
1089 2387 1466 2427 quartadecimanorum
1490 2395 1581 2420 corr.
1607 2387 1641 2420 M
1665 2404 1700 2409 —
1731 2387 1784 2420 42.
1808 2387 1877 2428 ipse
1898 2385 2054 2429 Ruperti.
2081 2403 2120 2410 —

334 2445 388 2478 ⁴3.
412 2444 610 2486 suppellibus
632 2445 665 2478 M
690 2462 727 2468 -
753 2444 806 2477 ⁴7.
832 2444 948 2485 alequa
969 2444 1003 2477 M
1028 2461 1063 2466 —
1089 2444 1196 2476 locate
1216 2445 1250 2477 M
1267 2461 1302 2467 —
1329 2443 1382 2477 48.
1402 2444 1503 2476 nichil
1523 2445 1556 2478 M
1582 2461 1618 2467 —
1643 2444 1698 2476 20.
1715 2444 1858 2477 destinat
1874 2444 1919 2477 M.
1944 2443 2027 2477 Post
2040 2450 2120 2476 ver-

333 2500 421 2534 bum
443 2501 609 2534 destinant
628 2499 776 2545 lacunae
799 2501 939 2542 signum
962 2500 1079 2544 posuit
1101 2499 1305 2543 Nipperdey
1326 2499 1496 2543 suppletis
1512 2499 1632 2533 verbis
1649 2499 1852 2543 Obfirmabat
1867 2502 1977 2533 tamen
1990 2498 2121 2532 anivnos

332 2558 491 2591 adversus
511 2557 592 2590 haec
614 2557 725 2590 odium
746 2565 828 2599 erqa
846 2557 1021 2590 Romanos.
1041 2574 1076 2580 —
1098 2557 1153 2590 24.
1169 2556 1375 2590 inclinabant
1389 2555 1581 2590 Acidalius:
1606 2556 1771 2590 inclinant
1785 2557 1818 2591 M
1834 2573 1871 2580 -
1889 2555 1944 2589 22.
1961 2553 2119 2599 Suetonio

334 2615 379 2647 G:
403 2613 526 2648 suetior
540 2614 575 2648 M
601 2631 636 2637 -
654 2613 800 2655 pribatis
821 2613 856 2648 M
880 2630 916 2636 —-
942 2612 995 2647 23.
1021 2621 1147 2647 nouum
1170 2622 1213 2647 ex
1236 2613 1453 2647 correctione
1477 2614 1529 2654 M3
1556 2612 1693 2647 videtur
1715 2612 1823 2647 fuisse
1844 2620 1974 2647 nouem.

1252 2719 1335 2755 licet
1364 2720 1544 2762 tribuebat,
1574 2720 1669 2763 quod
1702 2729 1746 2753 ex
1776 2719 1940 2763 sequenti
1959 2717 2122 2762 referebat
2143 2749 2150 2756 .

1253 2770 1491 2815 supplendum
1514 2772 1579 2805 est.
1617 2770 1668 2805 Cf.
1694 2768 1843 2804 Sallustii
1864 2770 2000 2812 Fragm.
2024 2767 2120 2812 apud

1252 2822 1403 2855 Nonium
1426 2821 1464 2862 4,
1489 2820 1553 2855 403
1576 2821 1624 2865 (p.
1650 2820 1725 2862 385,
1750 2819 1801 2863 3):
1830 2819 1881 2854 Aa
1900 2819 1981 2853 haec
2001 2827 2121 2854 mno-

332 2721 482 2765 eventus]
516 2720 566 2754 Cf.
593 2721 626 2761 t,
650 2720 712 2754 27:
738 2720 835 2755 exitii
857 2724 976 2754 certus.
1007 2720 1066 2761 42,
1090 2720 1126 2754 3:
1152 2720 1205 2754 sui

331 2771 538 2807 matrimonii
560 2774 664 2804 certa.

377 2823 430 2856 37.
450 2824 631 2864 postquam
655 2821 736 2861 cet]
763 2819 902 2854 Codicis
924 2819 1113 2854 lectionem
1135 2820 1203 2854 hac

334 2871 566 2916 explicatione
582 2870 783 2904 vindicasse
800 2870 868 2904 sibi
883 2869 1023 2904 videtur
1036 2871 1200 2904 Ritterus:

335 2922 473 2956 «hostis
497 2922 594 2955 certo
617 2921 711 2954 iactu
733 2919 820 2962 tela,
855 2929 926 2953 non
957 2929 1022 2954 sua
1045 2920 1110 2953 sed
1133 2921 1203 2954 Ro·

334 2981 539 3013 manorum,
565 2971 742 3011 exhausit,
772 2972 818 3004 ita
841 2972 879 3003 ut
902 2969 972 3013 pila
994 2979 1015 3004 a
1037 2971 1201 3005 Romanis

334 3025 443 3058 missa
473 3021 683 3066 corporibus
713 3022 785 3054 suis
814 3021 969 3054 Britanni
998 3021 1203 3064 exciperent

334 3074 485 3108 omnia.»
512 3089 548 3096 —
580 3072 686 3104 vitam
706 3078 828 3104 veneno
850 3070 970 3113 finivit]
1001 3070 1110 3104 Aliter
1136 3071 1200 3104 Dio

335 3125 396 3166 62,
433 3124 494 3157 42ι
530 3118 807 3164 ἀποθανούσης
839 3118 880 3153 δὲ
909 3120 949 3154 ἐν
978 3118 1101 3166 τούτῳ
1132 3118 1201 3164 τῆς

333 3171 594 3217 Βουνδουίκης
628 3168 743 3215 νόσῳ.
778 3188 814 3193 -
851 3171 1013 3205 secundae
1046 3171 1200 3214 legionis]

335 3233 426 3267 quae
450 3221 767 3266 cognominabatur
788 3219 950 3263 Auqusta.

377 3274 431 3308 38.
458 3272 602 3316 nonani]
637 3273 664 3306 li
696 3271 791 3305 enim
819 3269 886 3304 sub
918 3269 1051 3304 Ceriale
1083 3269 1201 3305 obtriti

335 3326 446 3358 erant.
484 3323 535 3357 Cf.
561 3332 593 3357 c.
619 3322 673 3356 32.
700 3339 736 3345 —
767 3319 954 3355 serendibus
974 3321 1125 3363 fruqibus
1146 3321 1203 3355 iri-⁷

333 3373 490 3416 curiosos]
516 3372 566 3406 Cf.
593 3372 679 3406 nist.
697 3372 736 3412 2,
756 3371 816 3405 ⁴7:
840 3369 1030 3403 melioribus
1050 3371 1200 3403 incurio-

332 3432 395 3457 sos.
416 3441 452 3447 —
469 3421 664 3465 mandabat]
689 3421 763 3456 sive
779 3419 938 3461 nuntios,
963 3420 1036 3452 sive
1052 3418 1197 3462 litteras,

334 3471 463 3515 qmbus
479 3472 656 3506 nuntiaret
671 3471 738 3505 cet.
758 3486 794 3496 -
809 3469 974 3512 pravitati
994 3468 1105 3511 ipsius]
1129 3470 1200 3504 sci-

1251 2873 1342 2906 ribus
1364 2874 1508 2906 adversa
1528 2874 1565 2906 in
1583 2874 1806 2914 pravitatem,
1837 2871 1982 2905 secunda
2000 2871 2037 2905 in
2057 2879 2121 2904 ea-

1251 2932 1344 2964 sum,
1367 2923 1539 2964 fortunam
1553 2922 1589 2956 in
1605 2922 1820 2959 temeritatem
1835 2921 2029 2956 declinando
2041 2928 2120 2954 cor-

1250 2972 1460 3015 rumpebant.
1959 2995 1962 2997 Α

1295 3022 1348 3056 39.
1372 3021 1566 3064 Polyclitus]
1599 3020 1650 3055 Cf.
1675 3021 1761 3056 Hist.
1787 3021 1819 3063 t,
1843 3020 1898 3054 37.
1931 3021 1970 3062 2,
1996 3020 2051 3054 95.
2075 3034 2114 3044 -

1249 3075 1286 3107 in
1317 3072 1463 3115 mollius]
1507 3080 1615 3116 quam
1651 3070 1836 3107 rettulerat
1869 3069 2114 3109 Classicianus,

1252 3121 1432 3166 (Buruoufz
1457 3121 1510 3156 Au
1531 3125 1632 3162 reste,
1656 3121 1746 3156 l'e'tat
1766 3122 1822 3156 des
1842 3120 2015 3163 chonam
2030 3121 2117 3162 pre-

1249 3174 1341 3206 sente
1360 3172 1383 3205 ὰ
1404 3172 1518 3205 Neron
1539 3180 1616 3204 sous
1637 3181 1683 3204 un
1696 3172 1781 3213 jour
1799 3169 1989 3213 favorable.
2020 3169 2116 3205 Lou-

1250 3222 1377 3256 andre:
1413 3222 1458 3256 lec
1485 3222 1595 3256 choses
1615 3222 1810 3255 neamnoins
1828 3221 1940 3264 strant
1960 3218 2116 3253 adoneus

1249 3272 1334 3305 dans
1362 3272 1407 3305 les
1434 3275 1593 3314 rapports
1614 3270 1761 3305 adv-esses
1781 3270 1806 3304 ὰ
1825 3267 2049 3312 l'omperour.)
2074 3285 2112 3293 —

1249 3322 1458 3363 detentusque
1471 3330 1501 3354 r.
1518 3321 1566 3364 9.]
1591 3321 1614 3355 i.
1629 3330 1661 3355 e.
1679 3320 1822 3355 retinuit
1835 3318 1979 3362 quidem
1997 3319 2115 3362 impe-

1249 3371 1342 3404 rium
1364 3371 1570 3412 Suetonius,
1595 3369 1660 3404 sed
1682 3378 1764 3405 mox
1789 3367 1859 3402 levi
1882 3376 1989 3402 causa
2010 3375 2114 3405 amo·

1249 3421 1305 3454 tus
1329 3421 1394 3453 est.
1430 3419 1482 3454 Cf.
1505 3421 1586 3462 Agr.
1611 3420 1651 3453 9:
1686 3419 1794 3452 mim
1816 3417 1995 3453 triennium
2015 3417 2052 3452 a·
2070 3424 2114 3456 ea

1248 3469 1411 3513 locatione
1425 3470 1583 3507 amm.
1607 3467 1715 3506 Aliter
1729 3466 1959 3504 Doederlein:
1986 3467 2114 3508 «deten-
