2254 3770
805 276 962 321 LIBER
988 276 1058 323 xl.
1102 277 1204 335 cap.
1234 276 1302 322 24.
1331 277 1401 322 25.
1924 271 2004 320 ast

222 385 503 431 deductarum
529 397 610 442 per
637 383 784 428 orbem
815 389 956 428 terrae
975 383 1190 441 legionum
1213 383 1367 427 additis
1387 382 1711 442 provincialium
1731 381 2010 426 validissimis

221 461 334 505 fesso
364 458 543 517 imperio
573 459 829 503 subventum
850 465 926 502 est.
958 474 1060 502 num
1086 458 1274 517 paenitet
1292 458 1447 503 Balbos
1467 472 1523 503 ex
1542 458 1746 516 Hispania
1764 471 1846 502 nec
1866 457 2010 501 minus

220 536 408 593 insignes
444 534 560 578 viros
599 548 624 578 e
662 534 795 579 Gallia
830 533 1096 578 Narbonensi
1137 534 1421 578 transivisse?
1464 540 1638 579 manent
1664 533 1827 592 posteri
1857 545 2010 577 eorum

218 623 300 655 nec
328 623 474 654 amore
505 610 549 652 in
578 608 688 653 banc
717 610 896 667 patriam
928 609 1054 653 nobis
1085 609 1338 654 concedunt.
1370 610 1475 668 quid
1505 609 1622 654 aliud
1643 609 1771 654 exitio
1793 607 2011 653 Lacedae-

217 685 373 730 moniis
401 691 444 729 et
464 684 792 728 Atheniensibus
813 684 906 736 fuit,
939 698 1202 743 quamquam
1222 684 1352 728 armis
1374 684 1599 742 pollerent,
1632 684 1714 728 nisi
1733 684 1850 743 quod
1873 683 2043 727 victoss

216 774 299 819 pro
336 759 588 816 alienigenis
629 760 866 804 arcebant?
905 765 948 803 at
987 760 1184 804 conditor
1211 764 1345 804 nostri
1375 759 1580 804 Romulus
1610 766 1772 804 tantum
1801 759 2011 818 sapientia

217 836 350 881 valuit
378 842 425 879 ut
453 835 686 894 plerosque
717 834 903 893 populos
932 835 1088 879 eodem
1117 834 1188 879 die
1216 834 1384 887 hostes,
1415 835 1516 879 dein
1546 836 1663 880 cives
1693 835 1903 880 habuerit.
1934 834 2010 879 ad-

217 925 354 956 venae
393 911 436 955 in
471 925 551 954 nos
586 895 883 968 regnaverunt.
927 909 1225 954 libertinorum
1259 909 1357 954 filiis
1386 909 1656 968 magistratus
1686 911 1879 955 mandari
1910 924 2006 962 non,

217 993 264 1030 ut
293 986 489 1044 plerique
519 985 737 1037 falluntur,
777 999 956 1043 repens,
996 985 1072 1029 sed
1103 985 1235 1043 priori
1266 985 1426 1043 populo
1455 986 1685 1030 factitatum
1715 992 1792 1030 est.
1838 992 1881 1030 at
1909 1000 2008 1031 cum

218 1061 460 1109 Senonibus
489 1061 784 1119 pugnavimus.
818 1060 980 1105 scilicet
1004 1060 1146 1104 Vulsci
1166 1066 1210 1104 et
1229 1061 1364 1119 Aequi
1385 1075 1618 1119 numquam
1638 1061 1862 1105 adversam
1883 1061 2058 1122 nobisw

218 1139 356 1182 aciem
385 1138 638 1181 instruxere.
683 1136 794 1193 capti
824 1150 850 1180 a
880 1135 1009 1179 Gallis
1039 1149 1202 1179 sumus.
1244 1135 1321 1180 sed
1354 1142 1397 1179 et
1425 1136 1574 1180 Tuscis
1604 1136 1780 1181 obsides
1808 1136 2007 1181 dedimus

218 1221 260 1258 et
279 1212 530 1257 Samnitium
559 1212 706 1269 iugum
726 1211 947 1255 subiimus.
979 1225 1030 1255 ac
1050 1217 1191 1255 tamen
1211 1211 1245 1254 si
1269 1218 1421 1255 cuncta
1441 1211 1553 1256 bella
1571 1225 1814 1264 recenseas,
1845 1211 2008 1256 nullum

218 1288 419 1332 breviore
449 1288 586 1345 spatio
615 1301 745 1345 quam
774 1286 983 1330 adversus
1015 1286 1159 1330 Gallos
1189 1287 1441 1331 confectum.
1481 1276 1682 1331 contiuua
1711 1286 1811 1331 inde
1840 1300 1892 1332 ac
1920 1287 2006 1331 fida

218 1378 314 1422 pax.
345 1363 429 1407 iam
457 1362 649 1406 moribus
679 1362 841 1406 artibus
872 1361 1144 1406 affinitatibus
1173 1362 1330 1406 nostris
1359 1363 1497 1414 mixti,
1530 1376 1684 1406 aurum
1713 1369 1755 1406 et
1774 1376 1881 1421 opes
1905 1377 2006 1407 suas
2033 1404 2042 1410 ,

216 1438 399 1483 inferant
432 1438 576 1496 potius
605 1451 737 1496 quam
771 1437 958 1495 separati
988 1436 1185 1482 habeant.
1230 1438 1390 1490 omnia,
1429 1444 1574 1496 patres
1605 1438 1852 1496 conscripti,
1893 1446 2058 1497 quaem

218 1528 332 1559 nuuc
358 1513 650 1558 vetustissima
678 1512 929 1564 creduntur,
962 1526 1072 1556 nova
1102 1513 1236 1557 fuere.
1279 1512 1422 1571 plebei
1451 1514 1723 1571 magistratus
1751 1519 1849 1571 post
1877 1514 2008 1571 patri-

218 1590 328 1641 cios,
359 1589 493 1633 Latini
514 1595 613 1646 post
640 1588 847 1646 plebeios
881 1594 1122 1632 ceterarum
1150 1588 1294 1632 Italiae
1323 1594 1512 1646 gentium
1540 1595 1638 1646 post
1665 1588 1848 1632 Latinos.
1889 1589 2008 1633 inve-

0 1719 2 1725 ·
217 1672 402 1710 terascet
427 1665 510 1708 hoc
530 1678 729 1722 quoque3
761 1670 804 1708 et
823 1663 939 1722 quod
961 1663 1089 1707 hodie
1111 1663 1317 1721 exemplis
1340 1670 1518 1715 tuemur,
1542 1664 1651 1708 inter
1670 1664 1866 1722 exempla
1885 1664 2002 1708 erit.»

0 1767 19 1797 μ
219 1741 303 1798 (25)
335 1740 570 1784 orationem
600 1739 807 1797 principis
837 1744 985 1783 secuto
1015 1745 1184 1797 patrum
1214 1738 1429 1791 consulto,
1460 1726 1586 1798 primi
1605 1739 1741 1783 Aedui
1761 1745 2006 1784 senatorum

0 1904 5 1932 i
281 1899 314 1932 4.
333 1897 572 1940 prouineilium
595 1898 627 1930 M
662 1915 698 1921 -
734 1897 767 1929 2.
788 1897 914 1938 penitet
933 1897 968 1930 M
992 1913 1028 1920 -
1060 1896 1094 1930 4.
1119 1897 1347 1930 lacedemoniis
1369 1898 1403 1930 M
1426 1914 1464 1921 —
1490 1898 1524 1929 5.
1550 1906 1745 1938 quanquam
1767 1899 1800 1932 M
1825 1916 1861 1922 —
1886 1899 1918 1931 6.
1943 1907 2006 1931 no-

0 1936 17 1981 i·
215 1955 278 1987 stri
298 1955 350 1988 M:
380 1958 492 1987 noster
514 1954 660 1996 Lipsius.
695 1953 746 1986 Cf.
770 1953 810 1993 6,
834 1953 896 1985 22:
921 1953 1021 1985 initia
1043 1953 1160 1985 nostri.
1188 1970 1225 1977 -—
1253 1954 1285 1985 7.
1312 1953 1394 1986 dein>
1411 1954 1464 1987 M:
1497 1954 1609 1987 eodem
1631 1953 1699 1987 alii.
1728 1972 1764 1978 —
1790 1955 1823 1988 8.
1847 1956 2007 1988 mandari

216 2010 371 2052 Lipsius:
395 2010 572 2042 mandaret
594 2010 626 2042 M
646 2028 681 2033 -
707 2009 740 2041 9.
759 2018 877 2049 repens
898 2010 950 2042 M:
975 2010 1088 2042 recens
1110 2008 1177 2041 alii.
1202 2026 1238 2032 —
1264 2010 1318 2042 40.
1336 2009 1441 2042 uulsci
1458 2019 1550 2042 corr.
1569 2011 1620 2043 M:
1645 2011 1734 2043 uulsi
1748 2019 1803 2053 pr.
1822 2012 1874 2049 Μ;
1906 2011 2007 2044 Volsci

217 2066 332 2107 vulgo.
372 2066 416 2098 At
443 2075 509 2108 per
538 2065 715 2107 duplicem
736 2075 761 2098 u
784 2066 853 2099 hoc
882 2074 1014 2098 nomen
1043 2066 1212 2099 exhibent
1238 2067 1344 2099 etiam
1377 2066 1455 2100 fasti
1487 2065 1671 2109 Capitolini
1693 2077 1725 2100 a.
1750 2077 1786 2100 u.
1811 2068 1895 2108 353,
1921 2068 2001 2103 cod.

218 2122 306 2155 Flori
329 2122 599 2164 Bambergensis
622 2123 712 2164 (bis),
738 2123 817 2155 cod.
843 2123 1023 2155 Mediceus
1046 2122 1186 2164 Vergilii
1210 2125 1308 2164 (Aen.
1336 2124 1389 2163 44,
1415 2123 1490 2156 432.
1509 2123 1585 2156 463.
1604 2123 1698 2164 498),
1725 2125 1847 2166 optimi
1864 2124 2006 2157 codices

217 2179 399 2212 Ciceronis
416 2179 490 2221 (pro
506 2177 615 2211 Balbo
631 2178 650 2220 ἓ
667 2179 719 2219 34)
738 2180 772 2211 et
788 2179 872 2211 Livii
889 2178 1057 2221 (passim).
1079 2196 1115 2202 --
1137 2188 1312 2220 nunquam
1327 2180 1358 2212 M
1378 2195 1414 2202 -
1434 2179 1487 2211 42.
1505 2179 1665 2211 subiimus
1680 2188 1764 2212 nos.
1790 2180 1935 2213 subimus
1950 2189 2004 2222 pr.

217 2236 267 2275 M;
292 2235 475 2268 subivimus
490 2243 582 2268 corr
602 2236 686 2267 M—
706 2244 747 2267 ac
769 2238 879 2267 tamen
901 2234 1076 2268 Halmius:
1101 2238 1249 2268 attamen
1271 2236 1305 2269 M
1322 2251 1358 2259 -
1386 2236 1439 2268 ⁴5.
1461 2245 1515 2277 ρο.
1541 2236 1575 2269 M
1601 2251 1637 2259 -
1673 2236 1725 2269 47.
1749 2239 1937 2269 ceterarum
1959 2237 2003 2270 Μ.

218 2366 332 2398 deinde
353 2366 489 2398 additae
502 2369 579 2398 sunt
595 2364 670 2398 scil.
689 2364 788 2398 aliae.
810 2384 847 2389 —
871 2366 990 2408 ipsam]
1014 2375 1085 2399 non

218 2416 395 2447 civitatem
429 2416 639 2454 Romanam,
675 2417 715 2448 ut
746 2414 889 2448 volebat
920 2416 1083 2456 Pichena,

217 2465 283 2498 sed
306 2464 459 2503 ltaliam;
484 2474 567 2498 nam
591 2466 688 2506 prius
704 2464 832 2498 Galliae
849 2466 991 2499 nomine
1007 2467 1087 2498 ute-

217 2514 347 2547 bantur
368 2516 531 2555 regiones
553 2514 620 2548 sub
636 2514 782 2556 Alpibus
806 2516 894 2548 sitae
911 2517 1004 2549 circa
1019 2518 1087 2549 Pa-

217 2565 315 2597 dum.
345 2581 383 2587 —
419 2564 652 2606 deductarum]
689 2566 723 2597 in
757 2564 933 2602 colonias;
972 2566 1086 2607 iisque

217 2614 316 2647 mixti
337 2622 358 2647 e
382 2613 657 2655 provincialibus
677 2623 822 2656 semper
836 2615 942 2656 aliqui
958 2616 1087 2648 eodem

216 2665 304 2696 iure.
330 2665 416 2696 Lu’s.
445 2682 482 2687 —
506 2663 636 2705 Balbos]
662 2663 845 2697 Cornelios
869 2664 996 2699 Balbos
1018 2668 1087 2698 Ga-

217 2713 367 2746 ditanos.
392 2713 479 2746 Vide
498 2715 550 2753 ⁴2,
569 2714 623 2746 60.
643 2714 715 2746 Cic.
731 2723 796 2756 pro
813 2714 921 2747 Balbo
937 2715 956 2756 ἓ
972 2715 992 2748 4
1004 2724 1084 2757 sqq.

219 2781 255 2786 —
272 2763 418 2804 insignes
438 2763 539 2805 viros]
564 2764 602 2795 ln
624 2764 782 2796 oratione
806 2764 882 2806 ipsa
899 2764 1085 2798 Claudius:

215 2813 273 2844 Ex
293 2813 521 2845 Viennensium
542 2814 673 2845 colonia
691 2814 779 2846 inter
790 2823 916 2854 paucos
930 2815 1089 2855 equestris

216 2862 344 2895 ordinis
374 2866 606 2895 armamentum
634 2864 671 2903 L.
702 2864 866 2896 Vestinum
885 2864 1088 2904 familiaris-

216 2913 296 2943 sime
311 2911 424 2952 diligo.
441 2930 476 2935 -
495 2913 653 2954 advenae]
678 2914 716 2945 ln
738 2914 895 2946 oratione
913 2915 1089 2946 memorat

217 2963 381 3001 Numam,
398 2962 557 2994 Priscum
573 2963 811 3004 Tarquinium,
830 2965 905 2995 Ser.
924 2962 1084 2996 Tullium.

221 3029 254 3036 -
281 3011 511 3044 libertinorum
537 3013 630 3054 filiis]
665 3014 739 3045 Hoc
767 3013 851 3046 illud
884 3015 955 3053 est,
991 3013 1087 3055 quod

218 3063 317 3095 notat
339 3063 524 3095 Suetonius
548 3064 582 3095 in
603 3062 748 3096 Claudio
764 3063 823 3096 24:
850 3064 992 3104 Appium
1008 3064 1087 3096 Cae-

217 3120 295 3144 cum
307 3121 485 3151 censorem,
508 3114 637 3153 generis
651 3114 703 3145 sui
716 3118 962 3153 proauctorem,
985 3114 1088 3146 liber-

217 3163 364 3194 tinorum
377 3162 463 3203 filios
477 3162 512 3194 in
526 3166 677 3195 senatum
691 3163 838 3204 allegisse
853 3163 975 3202 docuit,
990 3164 1087 3204 iyna-

217 3220 278 3244 rus
304 3212 502 3253 temporibus
530 3212 628 3252 Appii
655 3216 685 3245 et
707 3213 857 3253 deinceps
878 3213 1089 3253 aliquamdiu

217 3261 384 3294 libertinos
405 3263 509 3294 dictos
522 3271 589 3294 non
609 3264 714 3302 ipsos,
739 3264 797 3303 qui
811 3263 1087 3296 manumitteren-

218 3314 287 3351 tur,
311 3313 367 3344 sed
380 3313 539 3354 inqenuos
553 3321 598 3345 eoe
611 3313 663 3344 his
682 3315 885 3352 procreatos.
907 3330 943 3335 —
960 3313 1085 3354 repens]

218 3360 306 3393 Vide
328 3361 372 3393 ad
396 3363 428 3403 6,
452 3362 485 3394 7.
514 3380 549 3385 ——-
577 3362 688 3402 priori
713 3361 853 3403 pop-ulo]
886 3362 964 3395 Non
995 3363 1085 3395 anti-

219 3411 322 3450 quius
351 3419 460 3452 quam
486 3419 509 3445 a
531 3412 696 3445 Caesare.
731 3412 870 3444 Primus
900 3409 956 3444 ille
978 3410 1087 3446 liber-

1137 2367 1254 2400 torum
1277 2366 1367 2400 filios
1391 2366 1508 2409 allegit
1529 2368 1565 2401 in
1587 2369 1751 2401 senatum
1769 2369 1805 2401 et
1819 2369 2007 2410 magistra-

1137 2417 1230 2450 tibus
1254 2418 1401 2450 ornavit.
1427 2418 1491 2450 Dio
1514 2417 1568 2458 43,
1585 2418 1647 2451 47:
1673 2418 1740 2450 καὶ
1762 2417 2006 2462 παμπληθεῖς

1136 2466 1197 2500 ἐπὶ
1220 2464 1291 2510 τὴν
1312 2469 1517 2514 γερουσίαν
1536 2467 1658 2511 μηδὲν
1672 2467 1892 2513 διακρίνων,
1915 2470 2004 2512 μήτ’

1138 2516 1176 2550 εἴ
1192 2527 1249 2559 τις
1272 2516 1507 2576 στρατιώτης
1522 2516 1611 2561 μήτ’
1629 2517 1668 2552 εί
1677 2530 1734 2560 τις
1748 2515 2005 2567 ἀπελευθέρου

1137 2571 1227 2609 παῖς
1261 2562 1326 2610 ἧν,
1362 2568 1590 2615 ἐσέγραψεν.
1627 2570 1691 2603 Hic
1719 2572 1839 2603 tamen
1860 2571 2008 2611 priorem

1133 2619 1294 2659 populum
1315 2627 1443 2651 vocare
1466 2619 1606 2651 videtur
1628 2628 1728 2659 eum,
1758 2621 1818 2661 qui
1841 2620 1903 2653 fuit
1925 2622 2006 2652 ante

1136 2670 1351 2709 Augustum,
1376 2670 1415 2700 ut
1430 2670 1462 2708 4,
1482 2670 1518 2700 4·
1511 2693 1519 2700 .
1543 2672 1686 2701 veterem
1702 2671 1867 2710 populum
1887 2671 2008 2703 Roma-

1135 2728 1227 2750 num.
1252 2719 1367 2759 Atque
1391 2727 1429 2750 re
1446 2727 1528 2751 vera
1545 2717 1696 2752 libertini
1713 2719 1820 2759 filius,
1846 2721 1910 2753 Cn.
1929 2719 2007 2752 Fla-

1136 2770 1215 2802 vius
1250 2769 1312 2801 Cn.
1345 2768 1382 2807 f..
1419 2768 1540 2802 aedilis
1573 2769 1704 2802 curulis
1735 2770 1798 2802 fuit
1823 2779 1855 2803 a.
1881 2779 1916 2803 u.
1941 2769 2004 2803 450

1137 2820 1228 2852 teste
1252 2819 1348 2851 Livio
1371 2819 1403 2857 9,
1428 2818 1481 2851 46.
1509 2836 1546 2842 —
1571 2828 1648 2852 eum
1670 2820 1852 2853 Senonibus
1867 2830 2007 2862 puyna-

1135 2869 1255 2910 vimus]
1280 2868 1325 2900 ad
1348 2868 1477 2907 Aliam,
1504 2869 1575 2901 Liv.
1600 2870 1634 2909 ὅ,
1659 2870 1701 2902 35
1721 2879 1800 2912 sqq.
1822 2889 1856 2894 -
1886 2871 2003 2912 Tuscis]

1137 2920 1350 2951 Porsennae.
1378 2934 1416 2941 -
1452 2919 1582 2951 nullum
1612 2919 1760 2953 breviore
1789 2920 1897 2961 spatio
1920 2920 2002 2962 cet]

1138 2966 1243 2999 Gallia
1267 2968 1424 3006 comata,
1461 2967 1506 3000 de
1529 2977 1599 3009 qua
1622 2969 1680 3002 hic
1702 2971 1831 3011 agitur,
1864 2969 2004 3002 decimo

1137 3026 1228 3049 anno
1252 3026 1272 3049 a
1297 3018 1449 3051 Caesare
1473 3018 1670 3060 perdomita
1694 3022 1758 3053 est.

1180 3068 1234 3100 25.
1246 3069 1350 3108 primi
1365 3068 1470 3101 Aedui
1483 3087 1503 3092 -
1514 3087 1533 3093 -
1548 3070 1660 3110 adepti
1680 3070 1766 3112 sunt]
1783 3071 1859 3102 Non
1876 3078 2004 3111 quem-

1135 3117 1189 3150 vis
1212 3126 1255 3150 ex
1278 3116 1407 3159 populo
1427 3118 1630 3151 Aeduorum
1654 3121 1856 3152 senatorem
1879 3119 2005 3153 Roma-

1136 3175 1222 3199 num
1244 3167 1320 3199 fieri
1343 3176 1449 3209 posse
1466 3170 1584 3210 patres
1600 3168 1806 3208 decrevere,
1831 3168 1896 3201 sed
1911 3169 2003 3204 sacto

1136 3217 1280 3248 senatus
1300 3217 1459 3250 consulto
1475 3217 1663 3250 firmavere
1679 3219 1718 3250 ut
1734 3218 1793 3259 qui
1809 3218 1904 3259 apud
1919 3227 2003 3253 suos

1137 3265 1361 3305 magistratus
1381 3266 1538 3300 obissent
1554 3275 1668 3307 eoque
1686 3267 1863 3299 civitatem
1878 3268 2004 3301 Roma-

1136 3323 1219 3347 nam
1241 3315 1508 3356 impetrassent,
1538 3317 1643 3348 etiam
1667 3315 1711 3347 ad
1735 3316 1869 3349 curiam
1891 3317 2003 3350 urba-

1136 3372 1219 3397 nam
1247 3365 1404 3406 aspirare
1435 3367 1592 3407 possent.
1637 3365 1696 3398 lus
1727 3368 1933 3400 senatorum
1965 3369 2001 3402 in

1135 3413 1224 3448 urbe
1252 3414 1419 3448 omnibus
1447 3413 1575 3447 Galliae
1598 3415 1759 3449 comatae
1785 3416 2001 3459 primoribus
