2254 3770
782 247 937 291 LmEn
964 248 996 290 1.
1055 247 1156 305 Cap.
1186 248 1226 290 8.
1256 248 1296 291 9.
1870 243 1916 287 ii

154 355 245 400 sola
280 354 448 413 species
484 353 681 397 adulandi
721 359 957 411 supererat.
1015 352 1279 396 conclamant
1313 358 1457 410 patres
1497 365 1653 410 corpus
1691 350 1746 394 ad
1775 364 1926 408 rogum

151 430 311 474 umeris
358 434 605 472 senatorum
655 427 889 472 serendum.
958 427 1120 471 remisit
1164 428 1322 471 Caesar
1369 427 1587 485 adroganti
1632 425 1926 469 moderatione

151 503 444 564 populumque
475 502 614 546 edicto
642 503 806 546 monuit
834 517 909 550 ne,
939 511 987 545 ut
1014 498 1232 560 quondam
1251 502 1391 545 nimiis
1412 501 1562 545 studiis
1582 501 1706 544 funus
1727 500 1813 544 divi
1833 499 1926 543 Iulii

150 578 408 627 turbassent,
450 577 506 620 ita
535 579 770 634 Augustum
810 577 853 620 in
889 577 979 621 foro
1016 577 1157 634 potius
1193 590 1324 634 quam
1359 577 1401 619 in
1439 589 1590 634 campo
1619 575 1780 625 Martis,
1821 574 1926 618 sede

150 653 375 702 destinata,
416 652 595 696 cremari
626 651 791 695 vellent.
852 652 922 695 die
962 651 1122 695 funeris
1158 651 1312 694 milites
1346 650 1463 694 velut
1501 649 1718 709 praesidio
1755 655 1957 699 stetere,5

149 727 327 772 multum
366 726 645 770 inridentibus
683 727 755 784 qui
795 727 876 784 ipsi
917 725 1107 770 viderant
1142 726 1304 784 quique
1334 740 1358 769 a
1387 725 1636 783 parentibus
1672 729 1927 782 acceperant

150 802 265 846 diem
293 802 411 845 illum
441 801 562 845 crudi
598 801 738 845 adhuc
767 801 925 844 servitii
956 807 999 845 et
1025 800 1231 844 libertatis
1269 801 1523 859 inprospere
1559 800 1786 858 repetitae,
1827 813 1926 843 cum

150 877 318 921 occisus
340 876 519 920 dictator
539 876 698 920 Caesar
717 875 808 919 aliis
829 875 1080 934 pessimum,
1103 875 1195 918 aliis
1215 875 1550 934 pulcherrimum
1574 875 1736 919 facinus
1756 873 1926 917 videre-

150 960 240 996 tur:
279 965 392 995 nunc
420 965 569 994 senem
596 951 850 1008 principem.
883 950 1006 1008 longa
1034 950 1242 1007 potentia,
1279 950 1462 1008 provisis
1491 950 1619 994 etiam
1648 949 1855 993 heredum
1883 949 1926 991 in

150 1040 243 1070 rem
269 1025 483 1084 publicam
513 1025 684 1083 opibus,
718 1024 872 1068 auxilio
904 1025 1064 1068 scilicet
1083 1024 1251 1068 militari
1272 1025 1495 1074 tuendum,
1527 1031 1574 1068 ut
1593 1024 1812 1083 sepultura
1832 1024 1926 1068 eius
1939 1033 1975 1064 ¹0

150 1101 293 1160 quieta
328 1100 447 1144 foret.
507 1100 560 1156 (9)
597 1099 754 1143 multus
794 1099 893 1156 hinc
927 1099 1020 1158 ipso
1059 1099 1113 1143 de
1143 1101 1332 1156 Augusto
1368 1114 1528 1151 sermo,
1570 1100 1789 1158 plerisque
1818 1113 1926 1142 vana

149 1175 416 1223 mirantibus,
455 1175 571 1233 quod
604 1174 718 1218 idem
747 1173 838 1218 dies
869 1174 1032 1232 accepti
1063 1174 1281 1232 quondam
1316 1175 1483 1233 imperii
1513 1175 1715 1233 princeps
1745 1181 1788 1218 et
1814 1174 1925 1218 vitae

148 1264 394 1308 supremus;
425 1249 543 1308 quod
570 1249 700 1294 Nolae
730 1250 771 1292 in
802 1249 930 1293 domo
960 1255 1003 1292 et
1032 1249 1229 1293 cubiculo
1260 1250 1302 1292 in
1332 1263 1418 1307 quo
1448 1257 1571 1307 pater
1598 1250 1691 1293 eius
1722 1249 1925 1294 Octavius

146 1326 276 1369 vitam
303 1325 520 1368 finivisset.
570 1338 774 1368 numerus
794 1325 922 1367 etiam
942 1323 1239 1368 consulatuum
1259 1324 1573 1375 celebrabatur,
1605 1339 1692 1383 quo
1712 1324 1925 1368 Valerium

148 1401 334 1444 Corvum
363 1406 403 1443 et
436 1400 480 1443 C.
510 1399 689 1442 Marium
718 1398 841 1442 simul
873 1406 1155 1458 aequaverat;
1194 1400 1434 1443 continuata
1470 1414 1549 1459 per
1586 1407 1751 1459 septem
1780 1407 1823 1443 et
1852 1400 1924 1443 tri-
1937 1408 1973 1437 ⁴5

214 1570 245 1602 4.
275 1570 389 1610 speties
409 1570 444 1603 M
474 1588 510 1593 —-
541 1570 574 1602 7.
609 1570 805 1610 inprospera
826 1571 860 1602 M
894 1587 929 1593 -
966 1570 1107 1610 repetita
1128 1570 1162 1603 Μ
1194 1565 1348 1612 (repetitu
1382 1571 1519 1610 margo)
1550 1588 1585 1593 —
1622 1570 1653 1602 8.
1685 1569 1925 1610 pulcherimum

146 1626 288 1668 facimus
314 1626 348 1659 M
371 1643 407 1649 -
436 1625 489 1657 43.
513 1634 709 1666 supraemus
729 1626 764 1659 Μ
787 1643 822 1648 -
851 1625 901 1659 44.
927 1626 1154 1658 consolat-uum
1175 1626 1209 1659 M
1233 1643 1268 1648 —
1295 1626 1349 1659 45.
1375 1626 1555 1659 coruinum
1576 1634 1698 1668 margo
1720 1626 1764 1659 M.

149 1775 252 1808 RVM.
283 1775 319 1807 et
348 1784 384 1807 n.
413 1775 516 1807 20⁴0:
555 1775 760 1807 COHORTIS
790 1775 824 1808 C.
857 1776 913 1815 R„
948 1775 1014 1808 has
1062 1775 1193 1808 factum
1223 1777 1294 1814 est,
1330 1777 1369 1808 ut
1396 1776 1454 1808 hic
1481 1776 1592 1809 honos
1624 1785 1662 1809 re
1689 1785 1772 1809 vera
1804 1777 1836 1809 ei
1859 1777 1924 1808 ha-

150 1825 277 1859 eadem
308 1833 447 1857 summa
476 1824 622 1857 donatas
655 1826 845 1867 separatim
874 1834 1021 1870 memo·x
1062 1824 1223 1864 beretur,
1243 1826 1331 1858 teste
1348 1826 1513 1858 Suetonio
1530 1826 1737 1858 octav.⁴00.
1763 1828 1799 1858 et
1813 1827 1923 1859 Dione

149 1884 229 1909 rare
252 1873 335 1908 nibil
358 1874 538 1907 attinebat.
570 1875 737 1908 Ceterum
762 1876 825 1908 Dio
847 1876 882 1908 in
907 1876 1011 1908 Excc.
1061 1874 1122 1914 56,
1147 1874 1189 1907 34
1206 1876 1241 1906 et
1255 1873 1308 1907 42.
1324 1900 1331 1913 ,
1357 1876 1417 1916 qui
1439 1875 1484 1907 de
1505 1876 1648 1917 Augusti
1669 1875 1792 1908 funere
1813 1877 1925 1908 omni-

147 1925 279 1957 Vaticc.
319 1923 375 1956 ed.
415 1925 523 1956 Sturz.
560 1925 618 1957 IX.
656 1934 690 1966 p.
727 1924 792 1956 86:
842 1923 1013 1970 Τιβέριος
1061 1932 1107 1956 no
1131 1924 1332 1956 conferendi
1363 1925 1456 1956 sunt.
1485 1943 1519 1948 -
1544 1929 1581 1957 ut
1603 1926 1831 1965 quondam—-
1850 1930 1924 1957 tur-

146 1972 194 2007 τὰ
215 1972 518 2013 καταλειφθέντα
543 1971 691 2017 ληγάτα
717 1973 911 2020 Καίσαρος
940 1970 1012 2007 οὐκ
1060 1973 1198 2015 bassent]
1235 1975 1323 2006 Cum
1356 1983 1462 2015 rogus
1495 1975 1686 2007 cremando
1716 1976 1858 2007 Caesari
1887 1977 1923 2008 in

147 2020 326 2059 ἀπεδίδου
361 2022 422 2056 ἐπὶ
455 2020 597 2069 χρόνον
628 2023 748 2056 πολὺν
778 2023 855 2056 κτλ.
896 2024 1012 2057 idem·
1062 2030 1189 2063 campo
1211 2023 1348 2062 Martis,
1385 2026 1424 2055 ut
1451 2026 1532 2056 ante
1556 2023 1688 2063 Sullae,
1725 2026 1923 2057 exstructus

147 2083 216 2116 que
253 2075 371 2106 narrat
405 2074 590 2106 Suetonius
624 2073 739 2106 Tiber.
773 2075 826 2106 57.
874 2073 1013 2107 Scilicet
1061 2074 1172 2111 esset,
1207 2071 1309 2114 plebs
1341 2072 1457 2105 infima
1489 2073 1533 2105 ab
1558 2075 1705 2106 Antonio
1736 2076 1921 2114 concitata,

146 2123 314 2167 persolvit
336 2123 481 2156 demum
505 2132 596 2155 anno
620 2124 694 2155 768.
731 2124 795 2156 Dio
812 2125 866 2163 57,
893 2124 945 2157 ⁴4.
974 2142 1009 2147 —-

143 2175 218 2215 visi]
241 2172 374 2206 scilicet
401 2171 531 2214 populo
565 2171 609 2204 de
638 2173 734 2205 hisce
759 2173 911 2205 decretis
935 2175 1010 2206 tum

145 2223 407 2257 sermocinanti.
424 2239 459 2244 —
472 2225 574 2262 porta
588 2223 792 2265 triumphali]
813 2232 903 2263 quae
920 2223 1012 2255 inter

145 2273 408 2306 Flumentanam
447 2275 482 2304 et
519 2271 780 2304 Carmentalem
817 2273 878 2304 suit
915 2273 1009 2305 haud

143 2322 247 2364 longe
277 2331 297 2354 a
326 2321 460 2359 Tiberi,
497 2323 533 2354 et
566 2321 610 2353 ad
641 2322 811 2363 Campum
848 2323 1009 2355 Martium

145 2371 316 2409 ducebat,
341 2370 401 2403 ubi
425 2371 576 2402 cremari
599 2370 754 2403 debebat
770 2373 912 2412 Augusti
929 2381 1010 2404 cor-
1061 2370 1111 2402 Ct.
1137 2370 1262 2402 Strabo
1286 2372 1317 2409 5,
1344 2371 1375 2408 3,
1401 2371 1433 2403 8.
1482 2371 1637 2403 Tumulus
1656 2372 1796 2414 Augusta·
1817 2382 1924 2406 voca-

143 2430 223 2463 pus.
270 2420 357 2453 Solis
380 2422 498 2452 autem
522 2420 819 2461 triumphantibus
842 2422 1008 2463 triumphi
1059 2421 1117 2452 tur
1139 2419 1178 2459 3,
1204 2419 1236 2452 4.
1275 2421 1420 2452 tumulus
1442 2421 1624 2454 Caesarum
1647 2422 1684 2462 3,
1709 2422 1741 2455 9.
1781 2424 1925 2455 tumulus

1031 2055 1200 2458 'summo
1229 2121 1398 2161 tumultu,
1435 2123 1580 2164 direptis
1607 2123 1800 2163 subselliis,
1837 2133 1924 2156 can-

145 2471 202 2504 die
227 2469 380 2512 patebat.
412 2485 444 2492 -
471 2469 587 2501 Gallus
607 2470 800 2502 Asinius„
816 2472 852 2503 L.
877 2471 1009 2503 Arrun-
1058 2470 1219 2502 Iuliorum
1249 2471 1307 2510 46,
1340 2471 1371 2503 6.
1412 2488 1446 2493 -
1483 2471 1711 2513 inridentibus]
1747 2473 1923 2506 Eiusmodi

1061 2170 1173 2209 cellis,
1210 2172 1342 2204 mensis
1371 2173 1647 2213 argentariorum
1677 2174 1711 2206 in
1740 2173 1814 2206 roro
1843 2183 1924 2206 cre-

1061 2222 1179 2254 mavit.
1226 2222 1368 2254 Sueton.
1395 2223 1495 2254 Caes.
1521 2222 1574 2255 84.
1621 2222 1708 2256 Plut.
1741 2224 1841 2257 Caes.
1867 2224 1922 2257 68.

1059 2271 1123 2303 Dio
1147 2271 1200 2309 57,
1226 2271 1258 2302 2.
1292 2288 1327 2293 —
1361 2272 1433 2303 sede
1460 2272 1632 2314 destinata]
1667 2273 1701 2305 in
1731 2272 1920 2311 Mausoleo,

1061 2320 1156 2361 quod
1186 2321 1261 2362 ipse
1291 2320 1357 2353 sibi
1382 2323 1616 2360 exstruxerat,
1648 2322 1829 2365 depositus
1856 2324 1921 2356 est.

143 2520 218 2562 tius]
244 2519 294 2552 Cf.
314 2529 346 2552 c.
365 2519 418 2552 43.
440 2537 474 2541 -
499 2519 649 2561 addebat]
675 2529 739 2561 per
755 2521 1007 2560 egressionem,
1059 2516 1274 2562 χλευαστὴν
1308 2522 1483 2553 memorat
1516 2522 1622 2554 etiam
1649 2523 1712 2555 Dio
1741 2523 1798 2562 57,
1824 2523 1857 2555 2.
1885 2541 1919 2547 -

145 2570 189 2602 de
207 2577 274 2612 qua
291 2569 372 2601 vide
388 2570 476 2601 Ann.
495 2569 534 2608 2,
559 2564 613 2601 38.
635 2586 668 2591 —
688 2570 831 2602 Messala
849 2571 1007 2613 Valerius]
1054 2570 1197 2609 provisis
1212 2587 1230 2593 -
1244 2586 1264 2592 -
1280 2570 1406 2610 opibus]
1451 2579 1532 2602 cum
1577 2573 1758 2613 provisum
1795 2571 1840 2604 ab
1879 2582 1922 2604 eo

144 2619 195 2652 cf.
227 2619 264 2658 3,
301 2619 353 2651 48.
384 2617 437 2651 34.
475 2636 518 2642 —
551 2619 674 2650 umeris
710 2620 910 2662 senatorum]
949 2622 1008 2662 qui

144 2669 277 2708 honor,
316 2668 382 2700 nisi
416 2666 534 2706 fallor,
574 2666 687 2700 Sullae
721 2668 861 2701 habitus
895 2671 1009 2711 primo

144 2719 392 2750 Romanorum.
417 2717 564 2758 Appian.
581 2718 620 2749 B.
641 2718 679 2749 C.
705 2719 736 2755 4,
763 2719 837 2750 406.
863 2719 948 2751 Ln‘s.
971 2737 1003 2742 -

142 2766 279 2808 remisit]
295 2766 476 2799 Manifesto
493 2766 561 2798 hoc
575 2766 728 2799 refertur
742 2767 786 2800 ad
801 2777 882 2800 eum
894 2768 1007 2801 solum

142 2816 332 2853 honorem,
362 2817 401 2848 ut
429 2824 559 2858 corpus
583 2816 627 2848 ad
652 2825 774 2858 rogum
797 2819 928 2850 umeris
951 2827 1010 2850 se-

143 2868 304 2898 natorum
328 2864 493 2903 ferretur;
519 2875 635 2907 neque
652 2875 736 2898 vero
758 2868 883 2899 remisit
906 2876 1008 2909 pror-

143 2924 204 2949 sus
228 2914 322 2947 idem
346 2917 401 2947 est
423 2923 464 2947 ac
482 2916 653 2955 permisit,
677 2915 742 2948 sed
764 2917 892 2949 retinet
907 2926 1008 2950 suam

144 2964 450 3006 significationem,
487 2974 524 2996 er
550 2965 660 2997 erliess
688 2975 721 2998 es
743 2966 856 3005 ihnen,
890 2966 955 3007 yab
977 2975 1010 2998 es

143 3015 241 3048 umen
254 3014 337 3056 fret,
364 3015 541 3055 ·ipsorum
557 3014 701 3047 arbitrio
718 3015 855 3054 tribuit,
880 3015 1010 3048 vellent

144 3073 188 3097 an
211 3063 374 3096 nollent.»
409 3064 534 3096 Durus.
581 3066 695 3105 Atque
723 3065 863 3097 videtur
891 3066 1007 3107 ipsum

143 3113 314 3152 verbum,
348 3121 418 3154 quo
442 3112 508 3144 hac
530 3113 563 3144 in
589 3122 626 3145 re
651 3122 735 3146 usus
760 3116 811 3146 est
835 3113 1005 3152 Tiberius,

144 3172 164 3195 a
187 3163 305 3196 Tacito
329 3171 371 3194 ex
388 3161 482 3194 Actis
506 3163 650 3194 senatus
673 3163 919 3204 desumptum;
951 3163 1007 3194 cui
1056 3165 1214 3202 sextum,
1250 3166 1379 3197 Marius
1409 3167 1599 3207 septimum
1623 3166 1757 3199 consul.
1803 3169 1847 3200 At
1868 3172 1919 3200 ter

144 3213 264 3245 tamen
292 3210 357 3243 alia
386 3209 441 3243 ille
476 3211 651 3243 addiderit
678 3211 711 3243 in
741 3212 898 3253 speciem
927 3220 1007 3244 mo·
1054 3213 1149 3245 Latio
1172 3215 1337 3254 deciesque
1359 3216 1432 3248 tulit
1448 3217 1629 3249 labentibus
1643 3219 1741 3248 annis
1753 3217 1918 3259 Augustus

146 3262 286 3301 derata,
311 3261 375 3294 sed
398 3270 440 3293 ex
466 3260 593 3302 quibus
615 3259 764 3292 multum
780 3261 1005 3302 adrogantiae
1052 3263 1173 3303 fasces,
1211 3267 1248 3296 ut
1276 3265 1323 3296 ait
1351 3265 1479 3299 Statius
1508 3266 1588 3298 silv.
1614 3266 1653 3305 4,
1683 3268 1714 3306 4,
1739 3266 1793 3299 34.
1828 3268 1915 3302 Lirs.

146 3310 319 3351 eluceret;
346 3312 546 3351 ·tamquam
570 3311 645 3342 iure
668 3310 868 3343 remittendi
886 3312 1006 3344 utere·
1054 3313 1193 3353 Corvus,
1230 3323 1299 3346 non
1324 3314 1502 3355 Corvinus,
1537 3318 1576 3348 ut
1603 3315 1700 3348 dedit
1727 3316 1914 3352 Rhenanus

146 3361 245 3401 tur-,n
285 3362 323 3393 ut
356 3362 453 3393 recte
488 3360 534 3392 ait
568 3358 798 3400 Doederlein,
838 3361 1003 3403 quocirca
1054 3362 1199 3404 eiusque
1222 3371 1416 3404 sequaces,
1454 3373 1577 3397 verum
1602 3373 1680 3398 esse
1703 3365 1830 3399 Valerii
1852 3376 1916 3400 co-

1059 2620 1172 2659 esset,
1209 2628 1253 2651 ne
1285 2619 1551 2653 successoribus
1579 2622 1754 2654 exercitus
1783 2624 1817 2654 et
1839 2621 1922 2654 reli-

1058 2677 1148 2709 quae
1172 2677 1259 2710 opes
1283 2669 1451 2702 deessent
1478 2670 1523 2702 ad
1546 2671 1816 2712 opprimendam
1845 2681 1921 2704 rem

1058 2718 1247 2760 publicam.
1284 2720 1402 2751 Wonr.

1101 2768 1132 2799 9.
1157 2768 1278 2800 multus
1292 2768 1366 2799 hinc
1390 2768 1472 2810 cet.]
1500 2769 1550 2801 Cf.
1570 2778 1651 2802 cum
1666 2771 1720 2803 his
1736 2771 1921 2804 funebrem

1057 2818 1201 2857 Augusti
1239 2816 1474 2851 laudationem
1512 2827 1531 2850 a
1569 2819 1706 2852 Tiberio
1743 2820 1918 2859 habitam,

1056 2863 1265 2912 ῥητορικῶς
1285 2869 1519 2908 compositam
1536 2877 1556 2900 a
1573 2869 1684 2902 Dione
1700 2871 1754 2909 56,
1779 2870 1918 2903 36—41.

1059 2934 1093 2939 —
1121 2918 1206 2949 idem
1238 2918 1305 2948 dies
1338 2919 1462 2958 accepti
1495 2928 1527 2958 q.
1557 2919 1699 2961 imperii]
1734 2920 1819 2953 XIV.
1845 2920 1917 2952 Kal.

1056 2967 1150 3008 Sept.
1191 2967 1333 2999 Sueton.
1367 2967 1440 3000 Oct.
1471 2968 1545 3001 400.
1586 2969 1649 3001 Dio
1679 2970 1741 3009 56,
1773 2970 1832 3003 30:
1872 2967 1917 3015 τῇ

1056 3013 1303 3062 ἐννεαδεκάτῃ
1333 3026 1401 3049 του
1426 3013 1672 3061 Αὐγούστου,
1708 3018 1748 3051 ἐν
1770 3011 1796 3064 ἧ
1827 3018 1918 3052 ποτὲ

1055 3063 1100 3106 (a.
1116 3066 1208 3104 744.)
1223 3063 1268 3097 τὸ
1281 3064 1430 3111 πρῶτον
1446 3063 1655 3111 ὑπάτευσε,
1673 3065 1916 3111 μετήλλαξεν.

1058 3131 1094 3137 -
1132 3115 1298 3147 Valerium
1333 3116 1475 3149 Corvum
1512 3118 1594 3160 cet.]
1640 3120 1726 3151 Nam
1761 3117 1918 3152 Valerius
