2254 3770
782 276 939 321 LIBER
966 277 1036 320 111.
1081 275 1182 334 Cap.
1213 276 1281 319 73.
1311 275 1379 320 74.
1409 276 1476 320 75.

1944 274 2018 319 20⁴

239 384 345 429 locis
381 384 608 442 inponens,
649 383 736 427 dux
765 383 858 441 ipse
887 389 979 427 arta
1007 389 1049 427 et
1078 382 1242 426 infensa
1278 382 1474 427 hostibus
1504 388 1656 427 cuncta
1693 381 1870 432 fecerat,
1912 380 2024 438 quia,

239 472 415 519 quoquo
444 458 705 510 inclinarent,
738 472 838 517 pars
868 458 1011 517 aliqua
1040 457 1182 501 militis
1207 459 1383 502 Romani
1414 458 1456 501 in
1486 472 1573 508 ore,
1607 457 1649 500 in
1677 456 1811 500 latere
1833 462 1876 499 et
1895 470 2027 513 saepe

237 549 263 579 a
292 542 412 591 tergo
442 540 555 587 erat3
585 533 793 593 multique
823 548 876 578 eo
906 533 1044 578 modo-
1066 534 1182 578 caesi
1212 540 1286 577 aut
1309 532 1598 578 circumventi.
1644 538 1744 576 tunc
1773 531 2028 589 tripertitum

237 609 469 654 exercitum
506 608 652 667 plures
692 609 734 652 in
773 623 925 653 manus
960 609 1167 667 dispergit
1204 609 1516 667 praeponitque
1553 607 1826 654 centuriones
1864 606 2028 650 virtutis

237 690 451 738 expertae.
495 698 588 735 nec,
619 691 666 727 ut
695 699 788 728 mos
818 685 964 732 suerat.
998 691 1091 728 acta
1121 691 1281 728 aestate
1313 684 1487 728 retrahit
1507 684 1653 742 copias
1674 682 1807 737 autin
1829 682 2060 725 hiberna-5

236 759 343 804 culis
373 759 530 803 veteris
559 760 805 817 provinciae
827 759 1054 817 componit,
1087 760 1163 803 sed
1191 766 1236 803 ut
1256 760 1298 803 in
1320 759 1463 803 limine
1485 759 1583 803 belli
1607 758 1824 816 dispositis
1845 756 2028 801 castellis

235 848 316 893 per
335 834 559 892 expeditos
580 841 621 878 et
642 834 919 878 solitudinum
947 848 1103 892 gnaros
1132 841 1367 878 mutantem
1397 834 1579 892 mapalia
1600 833 1906 877 Tacfarinatem
1927 845 2028 890 pro-

235 910 443 960 turbabat,
476 910 615 954 donec
634 910 762 954 fratre
784 911 877 954 eius
899 917 1023 968 capto
1054 925 1278 967 regressus
1300 917 1374 960 est,
1407 910 1708 969 properantius
1736 915 1878 952 tamen
1899 921 2030 965 quam

236 980 290 1030 eir
317 986 496 1030 utilitate
526 986 760 1035 sociorum,
792 985 952 1030 relictis
983 999 1061 1043 per
1089 1000 1200 1044 quos
1230 992 1477 1043 resurgeret
1505 985 1677 1029 bellum.
1725 984 1802 1028 sed
1835 983 2029 1026 Tiberius

236 1075 313 1119 pro
335 1061 527 1105 confecto
557 1061 870 1119 interpretatus,
903 1062 947 1104 id
968 1075 1143 1119 quoque
1165 1061 1316 1105 Blaeso
1337 1061 1482 1104 tribuit
1511 1067 1557 1104 ut
1587 1061 1818 1118 imperator
1848 1073 1872 1102 a
1897 1058 2079 1115 legio-io

234 1136 361 1180 nibus
392 1136 648 1180 salutaretur
676 1136 820 1194 prisco
851 1150 952 1194 erga
984 1136 1117 1180 duces
1147 1135 1330 1189 honore,
1373 1137 1446 1195 qui
1483 1136 1594 1179 bene
1631 1141 1751 1193 gesta
1782 1148 1828 1178 re
1857 1133 2030 1191 publica

235 1211 393 1270 gaudio
414 1218 456 1255 et
476 1212 636 1271 impetu
656 1211 830 1255 victoris
852 1212 1065 1256 exercitus
1085 1212 1479 1265 conclamabantur;
1508 1217 1715 1269 erantque
1737 1209 1882 1268 plures
1903 1208 2030 1252 simul

236 1288 515 1346 imperatores
545 1301 626 1331 nec
656 1301 788 1345 super
818 1293 1059 1331 ceterorum
1098 1288 1411 1346 aequalitatem.
1458 1286 1671 1331 concessit
1699 1285 1957 1343 quibusdam
1988 1290 2030 1328 et

234 1364 449 1420 Augustus
479 1363 523 1406 id
552 1362 809 1407 vocabulum
839 1376 890 1406 ac
919 1369 1019 1408 tunc
1051 1364 1244 1407 Tiberius
1275 1363 1427 1407 Blaeso
1459 1369 1736 1420 postremum.

348 1438 428 1494 (75)
461 1438 621 1482 Obiere
652 1452 704 1482 eo
734 1452 845 1481 anno
874 1438 955 1481 viri
984 1437 1184 1481 inlustres
1214 1436 1384 1480 Asinius
1409 1436 1645 1485 Saloninus,
1679 1437 1821 1480 Marco
1845 1436 2079 1493 Agrippam

234 1519 276 1557 et
304 1513 495 1557 Pollione
515 1513 659 1557 Asinio
690 1513 791 1564 avis,
825 1513 951 1557 fratre
975 1514 1115 1556 Druso
1146 1512 1335 1569 insignis,
1370 1512 1631 1570 Caesarique
1661 1525 1877 1569 progener
1898 1511 2028 1554 desti-

233 1595 374 1638 natus,
408 1595 450 1632 et
479 1589 627 1646 Capito
658 1589 823 1639 Ateius,
856 1587 911 1632 de
942 1602 1029 1646 quo
1058 1588 1314 1637 memoravi,
1346 1588 1584 1646 principem
1616 1589 1656 1629 in
1687 1587 1856 1631 civitate
1886 1586 2029 1629 locum

233 1664 384 1708 studiis
415 1664 610 1708 civilibus
640 1663 890 1714 adsecutuS‚
925 1663 1002 1707 sed
1034 1677 1114 1706 avo
1145 1663 1392 1707 centurione
1423 1662 1616 1713 Sullano,
1647 1669 1768 1720 patre
1797 1661 2026 1720 praetorio.

234 1739 501 1785 consulatum
539 1739 579 1783 ei
615 1739 935 1784 adceleraverat
971 1741 1204 1796 Augustus,
1247 1745 1293 1782 ut
1330 1738 1577 1782 Labeonem
1610 1738 1851 1787 Antistium,
1890 1737 2027 1781 isdem

234 1815 395 1862 artibus
426 1814 772 1873 praecellentem,
805 1814 1048 1872 dignatione
1080 1813 1173 1857 eius
1203 1814 1473 1871 magistratus
1504 1813 1694 1857 anteiret.
1740 1826 1927 1870 namque
1957 1813 2026 1857 illa
2040 1824 2077 1855 20

298 1943 330 1976 8.
356 1945 474 1984 captor
495 1950 549 1984 pr.
568 1942 601 1975 M
627 1960 663 1966 -
689 1943 742 1975 40.
767 1939 970 1983 ἰηιενῇιαιαε
992 1942 1026 1974 Μ
1045 1959 1080 1965 -
1107 1941 1313 1974 blaestribuit
1336 1941 1587 1983 (superscripta
1610 1940 1723 1973 littera
1739 1941 1768 1981 ο)
1785 1941 1817 1973 Μ
1835 1958 1870 1963 -
1899 1941 1951 1973 45.
1970 1949 2028 1973 sa-

232 2000 364 2033 loninus
386 2000 436 2032 M:
461 1999 617 2031 Salonius
638 1998 842 2031 Beroaldus.
863 2016 897 2021 —
923 1998 976 2031 46.
1004 1999 1116 2031 asineo
1139 2007 1193 2041 pr.
1211 1999 1243 2031 M
1271 2015 1307 2021 -
1335 1997 1387 2030 4‘8.
1409 1999 1585 2039 praetoria
1606 2006 1660 2039 pr.
1678 1997 1713 2030 M
1738 2015 1774 2020 -
1801 1997 1854 2030 ⁴9.
1877 1998 1971 2030 istem
1993 1997 2027 2030 M

234 2073 270 2080 —
295 2057 349 2090 20.
373 2056 624 2098 maqistratibus
646 2057 679 2090 M
703 2057 928 2099 (mayistratus
951 2057 1099 2098 margo).

230 2172 291 2196 nos
308 2163 488 2204 proconsul
507 2164 544 2196 in
557 2162 674 2203 Africa
694 2166 892 2195 ornamenta
915 2163 1105 2203 triumpha-

231 2215 279 2247 lia
307 2223 382 2247 cum
412 2215 632 2255 appellatione
660 2215 882 2254 imperatoria
903 2216 1036 2247 meruit.
1065 2232 1101 2237 —

231 2264 538 2305 conclamabantur]
562 2263 607 2296 ab
631 2265 797 2296 universo
814 2264 970 2296 exercitu
987 2262 1105 2305 appel·

231 2313 406 2347 labantur.
444 2313 495 2346 Cf.
530 2314 632 2346 Caes.
663 2314 701 2346 B.
729 2314 767 2346 C.
792 2314 831 2352 2,
860 2313 1106 2355 26zbuniversi

231 2365 398 2397 exercitus
419 2364 679 2396 conclamatione
701 2364 885 2404 imperator
903 2364 1102 2404 appellatur.

235 2434 272 2440 —-
295 2415 508 2456 postremum]
533 2414 569 2446 id
592 2416 662 2453 est,
687 2415 727 2446 ut
745 2413 907 2455 postinde
925 2413 986 2446 soli
1006 2414 1104 2455 prin-

233 2467 330 2508 cipes
354 2474 396 2497 eo
420 2463 518 2496 titulo
542 2465 611 2496 sint
637 2465 711 2503 usi,
743 2464 875 2496 nemini
906 2463 995 2495 ultra
1019 2472 1104 2495 con-

233 2523 338 2548 cesso
366 2514 601 2547 subditorum.
638 2515 762 2555 Neque
793 2514 900 2546 etiam
923 2513 1104 2553 indignum

234 2568 333 2605 nota,
368 2565 462 2607 quod
495 2564 727 2597 observamus
751 2564 787 2597 in
811 2566 966 2597 nummis
990 2566 1026 2596 et
1049 2564 1103 2596 in-

233 2614 482 2658 scriptionibus
499 2615 720 2656 imperatoris
737 2613 887 2653 titulum,
913 2622 995 2646 cum
1013 2614 1106 2655 prin-

233 2667 321 2707 cipis
345 2667 415 2704 est,
441 2665 630 2707 praeponi,
657 2673 739 2697 cum
755 2665 914 2704 victoris,
941 2664 1104 2706 subiungi

233 2717 303 2749 hoc
333 2716 460 2748 modo:
495 2717 578 2756 Imp.
613 2715 738 2748 Caesar
763 2715 947 2757 Augustus,
982 2716 1104 2748 contra

231 2766 346 2798 Iunius
367 2766 503 2798 Blaesus
525 2766 623 2806 Imp„
649 2766 696 2798 M.
726 2765 847 2797 Tullius
870 2765 982 2797 Cicero
1004 2766 1103 2805 Imp„

233 2815 328 2857 quod
358 2816 464 2848 etiam
495 2824 514 2847 e
538 2815 692 2847 Suetonii
716 2813 801 2846 Iulio
826 2823 856 2847 c.
883 2815 925 2847 76
950 2814 1102 2856 colligas,

233 2866 332 2899 cuius
357 2866 391 2898 id
414 2866 606 2898 inventum.
638 2866 722 2897 Lirs.

275 2918 330 2949 75.
348 2916 479 2948 Asinius
495 2915 684 2957 Saloninus]
710 2915 830 2948 Asinio
847 2914 1001 2954 Pollioni,
1029 2924 1106 2947 ora-

232 2967 298 2999 tori
315 2968 351 2998 et
363 2966 540 3004 historico,
555 2965 645 2997 filius
660 2966 762 2997 natus
776 2966 813 2997 C.
824 2965 960 2997 Asinius
975 2964 1103 3000 Gallus,

233 3024 341 3058 quem
357 3016 469 3056 captis
485 3014 630 3054 Salonis,
657 3014 848 3047 Delmatica
872 3014 974 3053 urbe,
1000 3023 1106 3055 agno-

234 3068 353 3098 mento
382 3065 468 3097 dixit
496 3063 710 3096 Saloninum.
746 3065 888 3096 Servius
917 3065 1040 3095 auctor
1070 3064 1105 3095 in

233 3117 326 3157 Virg.
352 3114 423 3148 Ecl.
450 3114 489 3154 Ιι,
516 3116 546 3146 l.
582 3115 652 3147 Etsi
685 3114 719 3146 id
745 3122 943 3154 cognomen
965 3114 1105 3146 Tacitus

235 3168 270 3200 et
299 3167 362 3199 Dio
390 3165 436 3198 illi
461 3173 637 3206 nusquam
661 3164 838 3203 tribuunt,
872 3165 1028 3196 contenti
1051 3163 1105 3195 di-

234 3217 328 3248 xisse
346 3216 502 3248 Asinium
521 3213 667 3247 Gallum.
695 3215 739 3252 Is,
766 3222 838 3245 cos.
857 3222 888 3245 a.
907 3213 982 3251 746,
1009 3212 1106 3245 duxit

235 3266 435 3307 Vipsaniam
448 3291 456 3306 ,
477 3266 649 3306 Agrippae
668 3262 785 3302 filiam,
804 3263 984 3296 dimissam
1001 3261 1104 3304 paulo

238 3317 317 3347 ante
341 3324 359 3347 a
384 3315 539 3353 Tiberio,
573 3314 631 3355 qui
661 3322 703 3345 ex
735 3321 774 3344 ea
800 3311 990 3344 sustulerat
1013 3312 1105 3344 Dru-

239 3371 328 3396 sum.
355 3364 405 3397 Cl.
432 3366 463 3403 l,
490 3365 541 3396 ⁴2.
569 3363 699 3395 Habuit
722 3371 763 3395 ex
789 3371 830 3394 ea
854 3361 984 3394 liberos
1005 3370 1105 3393 com-

239 3411 369 3454 plures,
393 3413 499 3447 virilis
522 3421 628 3446 sexus
651 3413 755 3446 istos:
785 3412 944 3445 Asinium
968 3410 1104 3444 Saloni-

1154 2171 1256 2202 num,
1283 2162 1328 2194 de
1350 2171 1420 2204 quo
1444 2162 1520 2199 hic:
1545 2162 1704 2195 Asinium
1721 2160 1867 2201 Gallum,
1894 2161 1938 2194 de
1956 2171 2026 2203 quo

1153 2214 1340 2245 Suetonius
1365 2211 1486 2245 Claud.
1515 2212 1554 2244 ⁴3
1580 2213 1615 2244 et
1637 2212 1700 2244 Dio
1724 2213 1786 2251 55,
1812 2213 1849 2250 5;
1883 2213 1921 2244 C.
1947 2213 2026 2245 Asi-

1154 2264 1249 2295 nium
1274 2262 1483 2305 Pollionem,
1510 2263 1570 2303 qui
1595 2260 1715 2294 consul
1740 2270 1771 2293 a.
1791 2262 1866 2301 776,
1893 2262 1937 2295 de
1955 2271 2026 2304 quo

1154 2312 1281 2346 Plinius
1304 2313 1345 2345 33
1370 2313 1389 2354 S
1416 2312 1469 2345 32.
1502 2313 1642 2345 Tacitus
1666 2311 1706 2353 4,
1732 2313 1770 2349 ⁴;
1795 2313 1840 2345 M.
1867 2313 2026 2345 Asinium

1153 2363 1359 2404 Agrippam,
1385 2371 1458 2395 cos.
1483 2371 1514 2394 a.
1533 2362 1614 2401 778,
1640 2361 1685 2394 de
1710 2369 1779 2403 quo
1799 2361 1836 2401 4,
1863 2361 1922 2399 34;
1948 2363 2024 2395 Ser.

1154 2413 1311 2444 Asinium
1328 2411 1502 2451 Celerem,
1529 2420 1636 2453 quem
1654 2411 1877 2444 consularem
1897 2411 2026 2445 Plinius

1154 2463 1312 2495 nominat
1336 2463 1355 2494 9
1381 2462 1399 2503 S
1424 2463 1464 2495 67
1490 2463 1525 2494 et
1548 2463 1646 2504 ponit
1669 2461 1735 2494 sub
1753 2462 1909 2503 principe
1928 2463 2024 2495 Gai0.

1154 2518 1226 2549 Nec
1250 2524 1380 2547 vanum
1414 2516 1484 2555 est,
1518 2514 1614 2556 quod
1644 2514 1763 2546 tribuo
1787 2515 1860 2546 tam
1884 2514 2024 2547 multos.

1154 2566 1255 2598 lubet
1278 2566 1347 2598 hoc
1364 2566 1502 2598 Tacitus
1520 2566 1551 2604 6,
1570 2565 1623 2597 23.
1650 2565 1710 2597 ubi
1727 2565 1770 2597 de
1789 2567 1902 2597 morte
1919 2565 2026 2597 Asinii

1155 2615 1238 2649 Galli
1261 2616 1388 2657 patris:
1426 2615 1555 2648 Scilicet
1584 2615 1690 2647 medio
1713 2615 1854 2647 triennio
1877 2616 2027 2656 defuerat

1154 2669 1281 2706 tempus
1303 2666 1461 2697 subeundi
1484 2665 1646 2697 iudicium
1669 2665 1839 2697 consulari
1862 2666 1947 2704 seni,
1981 2668 2027 2697 tot

1154 2716 1379 2747 consularium
1406 2715 1551 2755 parenti.
1578 2716 1664 2747 Lirs.
1693 2733 1729 2739 -
1765 2715 1873 2755 fratre
1902 2715 2023 2756 Druso]

1155 2767 1268 2798 Druso
1294 2766 1466 2802 Caesare,
1496 2764 1623 2796 Tiberii
1648 2773 1666 2797 e
1689 2765 1853 2806 Vipsania
1878 2763 1958 2796 filio.
1987 2781 2022 2787 —

1155 2815 1356 2854 Caesarique
1376 2823 1540 2855 proyener
1563 2814 1608 2855 d.]
1633 2815 1682 2845 uti
1707 2814 1860 2855 aliquam
1880 2813 2026 2846 duceret

1155 2874 1174 2897 e
1198 2864 1319 2897 liberis
1343 2865 1553 2897 Germanici.
1580 2865 1665 2896 Lirs.
1693 2883 1726 2887 —
1754 2866 1793 2896 de
1815 2873 1879 2906 quo
1901 2873 2027 2896 memo-

1153 2915 1240 2956 ravi]
1267 2914 1317 2946 Cs.
1345 2915 1377 2953 l,
1403 2914 1444 2945 76
1470 2916 1504 2946 et
1528 2914 1580 2946 79.
1609 2915 1691 2946 item
1716 2914 1748 2954 3,
1774 2915 1827 2947 70.
1851 2932 1886 2938 --
1911 2914 2027 2945 studiis

1154 2963 1314 3003 civilibus]
1339 2964 1423 2995 iuris
1447 2962 1572 3001 civilis3
1599 2966 1824 3005 opponuntur
1840 2963 2025 3004 experien-

1154 3014 1221 3045 tiae
1254 3012 1404 3045 militari.
1435 3031 1468 3036 —
1502 3014 1707 3056 centurione]
1740 3015 1814 3046 viro
1846 3014 1949 3053 igitur
1972 3015 2026 3044 te-

1154 3063 1276 3095 nuiore
1314 3061 1390 3094 loco
1429 3065 1519 3095 orto.
1555 3081 1590 3086 —
1631 3063 1852 3104 consulatum]
1896 3061 2025 3095 Consul

1154 3112 1324 3144 suffectus
1349 3113 1410 3144 fuit
1430 3122 1460 3145 a.
1481 3113 1556 3145 758.
1578 3131 1612 3136 -
1639 3114 1820 3145 Labeonem
1835 3112 2023 3154 Antistium]

1154 3160 1473 3195 celebratissimum
1493 3163 1577 3195 item
1594 3161 1882 3195 iureconsultum.
1906 3180 1942 3185 —
1961 3163 2026 3194 duo

1151 3212 1245 3252 pacis
1268 3211 1399 3253 decora]
1424 3213 1499 3253 Dig.
1526 3214 1558 3252 ⁴,
1583 3213 1615 3251 2,
1635 3213 1655 3243 2
1680 3212 1774 3253 §47:
1801 3212 1843 3243 Hi
1865 3212 1930 3243 duo
1950 3213 2025 3252 pri-

1152 3271 1243 3294 mum
1274 3262 1376 3294 veluti
1411 3263 1560 3294 diversas
1593 3265 1696 3294 sectas
1730 3262 1900 3302 fecerunt:
1946 3271 2025 3294 nam

1152 3311 1263 3343 Ateius
1291 3312 1406 3352 Capito
1436 3313 1471 3343 in
1499 3313 1542 3344 iis
1574 3319 1659 3351 quae
1689 3311 1718 3342 ei
1745 3311 1871 3342 tradita
1892 3311 2025 3352 fuerant

1148 3362 1402 3402 perseverabat,
1428 3362 1536 3394 Labeo
1558 3361 1682 3402 inqenii
1705 3361 1864 3400 qualitate
1886 3364 1917 3393 et
1936 3362 2025 3403 fidu-

1153 3411 1207 3444 cia
1239 3412 1427 3452 doctrinae,
1469 3412 1525 3452 qui
1562 3414 1593 3443 et
1624 3411 1662 3442 in
1695 3410 1809 3442 celeris
1841 3411 2025 3452 sapientiae
