2254 3770
242 263 326 309 ⁴50

719 265 765 309 Ρ.
798 262 1049 309 CORNELII
1078 263 1249 309 TACITI
1277 263 1547 310 ANNALIUM

244 370 390 417 clades
425 370 710 421 exercituum,
747 369 964 414 interitum
996 368 1172 421 ducum,
1215 369 1403 415 funditus
1438 370 1618 416 amissas
1651 371 1816 416 nobiles
1850 371 2029 416 familias

247 451 489 492 constanter
529 445 683 491 tulerit.
740 444 957 503 principes
999 445 1219 496 mortales,
1263 459 1356 490 rem
1398 445 1616 504 publicam
1657 453 1874 492 aeternam
1917 461 2029 493 esse.

245 522 369 582 proin
406 526 650 580 repeterent
688 518 929 572 sollemnia,
975 527 1018 565 et
1053 521 1155 580 quia
1192 521 1390 565 ludorum
1425 521 1702 579 Megalesium
1741 522 2033 582 spectaculum

248 597 439 649 suberat,
472 597 599 641 etiam
628 594 869 654 voluptates
895 602 1175 641 resumerent.

362 673 415 729 (7)
446 673 551 716 Tum
592 677 720 716 exuto
764 671 923 716 iustitio
961 672 1148 716 reditum
1184 672 1239 716 ad
1279 670 1446 724 munia,
1493 677 1535 716 et
1562 672 1728 717 Drusus
1757 672 1950 733 Illyricos
1978 672 2034 718 ad

249 748 461 794 exercitus
498 746 714 806 profectus
754 752 839 798 est,
886 748 1041 792 erectis
1081 747 1271 792 omnium
1300 747 1452 792 animis
1481 762 1552 806 spe
1580 748 1793 806 petendae
1822 763 1848 793 e
1876 749 2034 794 Pisone

247 824 420 869 ultionis
459 830 502 868 et
538 821 690 867 crebro
728 828 884 881 questu
923 823 1041 881 quod
1070 836 1206 881 vagus
1235 823 1406 867 interim
1434 838 1512 882 per
1541 837 1722 868 amoena
1751 824 1875 868 Asiae
1905 830 2035 883 atque

249 900 432 945 Achaiae
476 898 697 957 adroganti
742 904 784 942 et
826 898 1007 943 subdola
1040 912 1161 943 mora
1198 898 1411 943 scelerum
1449 899 1724 957 probationes
1755 899 2034 945 subverteret.

250 990 349 1021 nam
381 974 598 1033 vulgatum
634 980 725 1019 erat
759 974 953 1025 missam,
999 981 1046 1018 ut
1085 974 1190 1023 dixi,
1236 988 1261 1018 a
1301 975 1374 1019 Cn.
1406 975 1552 1019 Sentio
1583 975 1788 1020 famosam
1815 975 2036 1021 veneficiis

202 1051 469 1097 ioMartinam
507 1050 648 1095 subita
684 1055 821 1094 morte
859 1050 1073 1095 Brundisii
1104 1050 1346 1102 extinctam,
1385 1064 1686 1110 venenumque
1714 1051 1828 1095 nodo
1858 1051 2037 1096 crinium

251 1128 346 1172 eius
377 1125 650 1178 occultatum,
689 1139 771 1170 nec
799 1125 885 1171 ulla
914 1126 958 1169 in
990 1140 1171 1184 corpore
1202 1126 1322 1184 signa
1352 1126 1507 1184 sumpti
1538 1126 1654 1170 exitii
1684 1133 1864 1185 reperta.
1910 1127 1964 1184 (8)
1995 1132 2038 1171 at

250 1203 350 1248 Piso
393 1202 630 1260 praemisso
669 1201 713 1245 in
750 1201 902 1246 urbem
930 1201 1040 1253 filio,
1086 1201 1284 1260 datisque
1313 1201 1524 1245 mandatis
1553 1215 1631 1260 per
1659 1215 1772 1261 quae
1800 1202 2038 1261 principem

251 1278 451 1330 molliret,
499 1277 554 1322 ad
590 1279 777 1322 Drusum
810 1278 970 1336 pergit3
1016 1291 1147 1336 quem
1182 1276 1297 1321 haud
1336 1277 1475 1321 fratris
1515 1277 1687 1321 interitu
1715 1284 1879 1322 trucem
1909 1291 2038 1336 quam

252 1360 416 1400 remoto
446 1353 614 1398 aemulo
645 1353 896 1412 aequiorem
924 1353 1005 1397 sibi
1034 1353 1247 1411 sperabat.
1286 1352 1479 1397 Tiberius
1499 1366 1586 1411 quo
1607 1352 1815 1410 integrum
1834 1353 2040 1398 iudicium

204 1440 240 1471 ⁴5
254 1435 504 1481 ostentaret,
545 1435 771 1487 exceptum
808 1429 986 1473 comiter
1017 1429 1216 1474 iuvenem
1258 1435 1381 1472 sueta
1411 1442 1514 1486 erga
1542 1428 1653 1473 filios
1682 1428 1934 1472 familiarum
1962 1442 2040 1473 no-

252 1505 361 1551 biles
400 1504 650 1549 liberalitate
690 1511 828 1563 auget.
878 1506 1043 1548 Drusus
1077 1504 1239 1555 Pisoni,
1281 1504 1317 1547 si
1347 1518 1450 1548 vera
1479 1504 1617 1548 forent
1645 1518 1757 1563 quae
1786 1504 2038 1555 iacerentur,

207 1644 219 1663 .
253 1582 531 1641 praecipuum
574 1581 618 1624 in
647 1580 796 1625 dolore
826 1595 951 1624 suum
979 1580 1122 1625 locum
1151 1579 1389 1638 respondit,
1432 1579 1509 1624 sed
1539 1579 1664 1624 malle
1695 1579 1800 1624 falsa
1829 1585 1872 1623 et
1898 1579 2041 1623 inania

317 1728 350 1760 2.
375 1730 511 1760 aeterna
532 1735 586 1769 pr.
604 1727 638 1760 M
656 1743 691 1750 —
717 1726 749 1759 3.
773 1726 961 1759 sollemniae
984 1729 1015 1759 et
1037 1727 1071 1760 M
1088 1742 1125 1750 —
1150 1727 1182 1759 5.
1201 1705 1318 1759 eoesutc
1333 1726 1367 1759 M
1384 1741 1420 1749 —
1449 1725 1630 1781 &finimii
1651 1734 1707 1767 spe
1725 1726 1883 1767 petendae
1897 1725 2040 1758 Freins-

251 1784 413 1818 hemius:
438 1784 558 1817 animis
573 1784 734 1826 petendae
755 1784 789 1816 M
814 1799 851 1807 —
877 1783 910 1816 7.
936 1787 1076 1825 quaestu
1097 1783 1131 1816 M
1156 1800 1192 1807 —-
1218 1782 1250 1816 9.
1275 1792 1298 1815 a
1321 1782 1393 1825 Cn.]
1416 1781 1455 1815 A.
1481 1782 1516 1815 C.
1541 1782 1586 1815 N.
1611 1781 1655 1815 M.

251 1919 391 1946 summa
421 1918 503 1943 cum
532 1908 732 1942 fortitudine
755 1909 903 1942 vicerint
929 1910 1036 1951 atque
1059 1917 1120 1941 re—

249 1961 456 2005 presserint.
493 1960 548 1992 Sic
565 1961 618 2000 45,
636 1961 673 1992 5:
697 1962 786 1992 metu
801 1959 963 1992 abstruso.
985 1977 1021 1982 —
1045 1959 1120 2000 fun-

250 2014 341 2046 ditus
362 2012 503 2044 arsisses
523 2010 646 2043 nobiles
665 2010 825 2052 familias]
853 2010 1006 2052 Respicit
1031 2019 1118 2051 gen-

250 2064 325 2096 tem
353 2062 494 2095 Fabiam
526 2061 561 2093 et
583 2059 764 2101 vulgarem
793 2060 922 2092 samam
946 2061 1116 2102 sequitur,

251 2112 295 2146 de
320 2121 388 2154 qua
412 2112 601 2152 Dionysius
624 2109 732 2143 Halic.
759 2110 790 2150 9,
817 2111 855 2149 5,
881 2110 934 2143 22.
972 2112 1011 2143 A.
1039 2109 1119 2142 Gel-

249 2163 316 2197 lius
334 2163 386 2202 47,
404 2162 459 2201 2⁴,
479 2161 539 2193 ⁴3:
563 2162 714 2193 Menenio
735 2160 885 2202 Aqrippa
907 2162 954 2194 M.
977 2161 1119 2193 Horatio

248 2213 390 2247 Pulvillo
418 2221 483 2245 cos.
521 2211 569 2253 (a.
595 2220 630 2244 u.
656 2211 734 2252 277)
767 2211 848 2244 bello
874 2212 1000 2244 Veiente
1029 2212 1119 2252 apud

247 2266 390 2308 fluvium
412 2263 600 2296 Cremeram
628 2261 723 2294 Fabii
753 2270 814 2293 seae
845 2265 876 2294 et
897 2263 1034 2294 trecenti
1050 2270 1119 2302 pa-

249 2315 341 2348 tricii
370 2322 445 2346 cum
470 2312 608 2354 familiis
638 2312 707 2344 suis
732 2313 881 2344 universi
912 2311 953 2343 ab
976 2311 1120 2344 hostibus

250 2365 466 2398 circumventi
492 2364 677 2403 perierunt.
709 2380 744 2385 —
778 2363 933 2395 ludorum
970 2362 1118 2404 Megale—

249 2417 346 2459 sium]
372 2416 409 2447 ln
432 2413 638 2447 Kalendario
662 2414 888 2445 Praenestino
911 2414 1020 2445 Inscr.
1041 2413 1115 2445 Lat.

249 2468 290 2500 Π.
315 2475 350 2508 p.
376 2465 456 2498 388:
486 2464 600 2497 Pridie
632 2465 719 2497 Non.
744 2462 849 2505 April.
876 2463 982 2495 LVDI
1001 2464 1047 2495 M.
1074 2464 1115 2495 D.

249 2518 296 2551 M.
322 2517 347 2549 Ι.
375 2516 483 2557 (Matri
508 2515 615 2548 deum
638 2516 784 2556 Magnae
809 2513 946 2554 Idaeae)
975 2513 1118 2546 MEGA-

249 2567 404 2601 LENSIA
438 2566 666 2599 VOCANTVR.
707 2565 821 2606 QVOD
845 2565 901 2597 EA
923 2564 1012 2597 DEA
1034 2564 1118 2596 ΜΕ-

252 2618 364 2652 GALE'
385 2616 649 2650 APPELLATVR
673 2618 739 2648 cet.
775 2615 825 2648 Cf.
852 2614 949 2647 Ovid.
976 2615 1065 2646 Fast.
1083 2613 1116 2653 4,

252 2668 314 2701 479
330 2675 408 2708 sqq.
430 2683 465 2690 —
492 2666 636 2706 suberat]
662 2674 772 2707 prope
789 2664 927 2703 aderat,
953 2662 1116 2702 instabat,

250 2718 291 2750 ut
312 2717 436 2750 Cicero
458 2724 524 2758 pro
548 2714 615 2749 Mil.
641 2715 662 2757 S
685 2714 745 2748 42:
782 2724 857 2747 cum
878 2715 947 2747 dies
969 2714 1120 2746 comitio-

249 2777 327 2801 rum
359 2767 511 2800 subesset.
557 2767 688 2800 Caesar
718 2766 755 2799 Β.
789 2767 828 2798 G.
861 2765 900 2806 3,
923 2765 982 2797 27:
1019 2765 1121 2796 hiems

251 2818 395 2854 suberat.

293 2869 325 2902 7.
349 2869 481 2901 Drusus
498 2866 579 2908 cet]
605 2866 655 2899 Ex
677 2864 838 2898 hocloco
854 2865 951 2907 patet
966 2864 1119 2896 Drusum

251 2927 321 2952 non
345 2919 488 2960 propter
510 2915 603 2949 aliud
627 2925 669 2948 ex
693 2914 832 2956 Illyrico
856 2915 889 2948 in
912 2913 1039 2946 urbem
1057 2921 1120 2945 vo-

252 2970 388 3007 catum,
411 2976 517 3010 quam
535 2967 572 2999 ut
588 2966 786 2999 Germanici
803 2965 917 2998 fratris
934 2964 1120 3006 exsequias

251 3018 449 3061 praesentia
479 3026 542 3051 sua
573 3015 779 3049 celebraret.
817 3016 943 3048 Missus
967 3014 1121 3046 enimin

251 3068 428 3110 Illyricum
452 3069 586 3102 Drusus
604 3066 731 3099 eodem
748 3066 820 3098 fere
844 3067 1024 3107 tempore,
1050 3073 1120 3106 quo

253 3120 481 3152 Germanicus
512 3118 548 3150 in
582 3117 760 3149 Orientem
796 3114 914 3154 solvit,
950 3117 1120 3148 autumno

252 3178 282 3202 a.
309 3169 371 3202 770
396 3169 439 3211 (Ξ,
460 3167 536 3210 44);
562 3166 632 3200 fine
656 3168 776 3198 autem
800 3166 880 3198 anni
904 3165 960 3197 77⁴
991 3165 1120 3198 iterum

251 3219 381 3251 Romae
405 3219 467 3251 fuit
491 3218 534 3260 (3,
555 3217 599 3259 2).
624 3217 705 3249 Veri
724 3214 837 3248 simile
855 3215 957 3256 igitur
974 3215 1120 3248 Romam

252 3277 272 3300 a
295 3268 432 3301 Tiberio
461 3269 605 3311 propter
635 3265 832 3299 Germanici
863 3265 966 3298 funus
991 3273 1121 3297 evoca-

252 3319 340 3351 tum.
366 3319 520 3352 chxius.
549 3335 584 3342 -
609 3315 897 3357 erectis-animis]
922 3315 1063 3347 intentis
1087 3317 1122 3348 et

253 3370 515 3410 exspectatione
555 3367 755 3410 suspensis,
793 3367 833 3398 ut
866 3373 985 3406 saepe.
1035 3363 1118 3398 Plin.

252 3418 339 3463 Epp.
363 3418 401 3460 4,
420 3419 457 3460 9,
483 3419 538 3452 ⁴2:
568 3419 679 3452 inveni
700 3419 752 3451 ita
772 3418 895 3451 erectos
916 3415 1046 3448 animos
1067 3423 1121 3447 se-

1168 1911 1285 1950 natus,
1308 1910 1359 1941 ita
1380 1909 1540 1948 recentes,
1564 1910 1604 1940 ut
1618 1907 1734 1948 priore
1756 1907 1886 1940 actione
1906 1907 2040 1941 incitati

1168 1961 1277 2000 magis
1305 1967 1407 1999 quam
1434 1958 1552 1990 satiati
1582 1958 1784 1990 viderentur.
1824 1957 1916 1990 Infra
1941 1966 1971 1990 c.
1999 1957 2034 1990 Η

1170 2002 1308 2042 eadem'
1327 2008 1580 2049 significatione
1605 2009 1659 2040 est
1682 2008 1819 2040 attrecta
1841 2009 1930 2040 omni
1953 2008 2042 2040 civi-

1169 2063 1251 2099 tate,
1278 2059 1345 2091 nisi
1368 2058 1416 2091 ibi
1432 2067 1574 2099 quoque
1591 2057 1762 2090 mendum
1779 2057 1910 2091 codicis
1926 2059 2043 2090 arecta

1170 2109 1215 2142 de
1244 2109 1372 2141 Baiteri
1395 2109 1570 2141 sententia
1599 2108 1635 2140 in
1657 2111 1768 2140 erecta
1791 2107 2041 2149 corrigendum

1170 2160 1236 2192 est.
1273 2159 1322 2192 Cf.
1349 2159 1434 2192 Hist.
1460 2158 1492 2198 4,
1518 2159 1580 2191 84:
1609 2162 1738 2199 erecta,
1764 2167 1850 2199 quae
1873 2157 2040 2199 adstabat,

1168 2211 1390 2243 multitudine.
1412 2227 1448 2232 —
1469 2210 1630 2250 petendae
1645 2227 1663 2234 -
1675 2227 1694 2233 -
1708 2210 1860 2250 ultionis]
1877 2209 2039 2242 Heinsius

1170 2261 1310 2293 coniicit
1325 2260 1487 2301 petendae
1502 2277 1521 2283 -
1532 2277 1551 2283 -
1567 2260 1706 2299 ultioni,
1732 2259 1798 2292 sed
1821 2258 1948 2292 deinde
1965 2267 2043 2292 cor-

1170 2311 1249 2352 rigit
1270 2319 1309 2343 se
1326 2311 1361 2342 et
1376 2309 1552 2350 vulgatam
1569 2309 1726 2342 defendit
1741 2308 1816 2342 aliis
1832 2309 1940 2343 Taciti
1954 2307 2041 2343 locis

1170 2369 1200 2393 c.
1220 2360 1251 2392 9.
1270 2360 1324 2392 27.
1344 2359 1396 2392 4⁴.
1424 2359 1552 2400 quibus
1578 2358 1643 2391 alia
1666 2359 1749 2391 addi
1765 2358 1864 2391 facile
1881 2359 2038 2401 possent.

1170 2410 1268 2452 (Vide
1292 2408 1337 2441 ad
1360 2410 1399 2449 2,
1426 2410 1467 2441 59
1492 2410 1527 2441 et
1549 2409 1641 2442 adde
1666 2408 1744 2442 Sall.
1771 2418 1822 2442 or.
1849 2407 1997 2451 Philippi
2020 2408 2041 2442 3

1170 2461 1205 2492 et
1222 2458 1286 2500 ⁴0.)
1322 2460 1372 2491 Ita
1397 2458 1660 2500 intelligendum
1685 2467 1800 2492 causa.
1830 2458 1899 2491 Sed
1923 2467 1968 2491 an
1991 2458 2042 2491 di-

1170 2511 1282 2541 cimus
1319 2510 1417 2542 erecti
1455 2513 1532 2542 sunt
1562 2510 1666 2542 animi
1697 2512 1838 2550 propter
1864 2508 2042 2549 petendam

1169 2559 1350 2591 ultionem?
1380 2560 1492 2591 Immo
1522 2560 1559 2591 in
1588 2560 1763 2599 ultionem,
1798 2559 1842 2591 ad
1864 2558 2042 2599 petendam

1169 2610 1337 2642 ultionem.
1373 2610 1445 2642 Liv.
1472 2610 1527 2649 Ἣ,
1553 2610 1613 2642 20:
1643 2611 1740 2642 erecti
1762 2611 1800 2642 in
1822 2609 2043 2650 exspectatio-

1168 2669 1241 2692 nem
1264 2659 1350 2692 belli.
1383 2660 1456 2692 Cic.
1474 2659 1621 2702 Philipp.
1640 2659 1678 2700 4,
1697 2662 1736 2693 5:
1762 2661 1862 2692 erecti
1885 2659 1929 2692 ad
1946 2658 2043 2692 liber-

1170 2713 1271 2742 tatem
1291 2710 1566 2750 recuperandam.
1593 2711 1701 2751 (Anu.
1727 2710 1765 2748 2,
1792 2710 1851 2741 7⁴:
1881 2709 1926 2741 ad
1954 2717 2044 2750 spem

1169 2763 1306 2793 erectus.
1341 2760 1431 2793 nist:
1453 2761 1491 2799 2,
1518 2758 1578 2792 74:
1607 2761 1644 2792 in
1670 2768 1758 2800 spem
1780 2759 1933 2802 erectus.)
1970 2758 2041 2792 Sed

1170 2819 1235 2852 pro
1259 2818 1302 2842 eo
1326 2809 1423 2843 dicas
1448 2811 1485 2842 tu
1506 2809 1652 2850 quidem
1674 2809 1822 2842 libertati
1844 2817 2043 2850 recuperan—

1171 2861 1247 2900 dae,
1276 2858 1353 2892 stilo
1377 2859 1503 2899 Taciti,
1529 2868 1601 2891 non
1618 2861 1758 2899 propter
1779 2858 1963 2891 libertatem
1983 2867 2042 2891 re-

1171 2910 1398 2951 cuperandam
1440 2910 1606 2942 Ceterum
1622 2908 1849 2941 Freinshemii
1866 2909 2043 2941 coniectu·

1172 2969 1248 2993 ram
1270 2968 1395 2993 veram
1417 2960 1512 3002 puto.
1546 2958 1742 3000 Sperabant
1766 2959 1919 2991 Drusum
1942 2957 2041 2991 ultio-

1172 3019 1256 3044 nem
1278 3011 1503 3052 sumpturum
1525 3018 1546 3041 a
1562 3010 1709 3042 Pisone:
1736 3017 1820 3041 ecce
1837 3007 1892 3041 ille
1909 3008 1982 3040 abit
1996 3008 2041 3040 ad

1172 3061 1378 3093 exercitum.
1397 3060 1477 3092 Eun.
1500 3077 1535 3083 —
1561 3059 1722 3091 scelerum
1738 3058 1951 3099 probationes
1968 3058 2043 3090 sub-

1171 3109 1322 3152 verteret]
1348 3109 1452 3152 lengo
1478 3109 1648 3151 temporis
1671 3107 1854 3142 intervallo
1871 3107 2039 3148 efficeret,

1171 3163 1211 3193 ut
1247 3161 1420 3194 difficilius
1458 3168 1603 3203 semper
1639 3159 1741 3192 fieret
1777 3157 2042 3192 accusatoribus

1173 3213 1319 3245 crimina
1342 3221 1404 3246 sua
1429 3211 1597 3254 probare,
1622 3210 1795 3249 maxime,
1821 3210 1849 3242 si
1873 3208 1929 3241 alii
1951 3217 2040 3250 quo-

1173 3272 1242 3305 que
1267 3264 1399 3303 testes,
1424 3264 1462 3295 ut
1485 3263 1650 3300 Martina,
1676 3267 1902 3303 quocumque
1920 3258 2039 3299 modo,

1174 3314 1279 3346 etiam
1309 3321 1447 3346 veneno
1476 3311 1532 3345 vel
1562 3312 1769 3346 sicariorum
1799 3318 1865 3352 ope
1893 3317 2041 3342 amove-

1172 3365 1306 3396 rentur.
1334 3380 1371 3387 —
1395 3366 1434 3396 ut
1455 3363 1542 3403 dixi]
1566 3363 1603 3401 Ξ,
1629 3360 1683 3394 74.
1712 3377 1748 3384 -
1775 3360 1861 3392 nodo
1883 3358 2038 3401 crinium]

1172 3411 1355 3462 κορύμβῳ
1366 3437 1376 3455 ,
1401 3413 1462 3455 qui
1485 3421 1569 3446 cum
1587 3420 1655 3446 acu
1671 3409 1897 3445 discriminali
1911 3409 2041 3453 figere-
