2254 3770
282 257 366 303 290
771 260 815 303 Ρ.
849 258 1098 304 CORNELII
1127 259 1298 304 TACITI
1327 259 1595 304 ANNALIUM

283 364 500 422 prioribus
529 365 648 411 libris
678 366 780 410 satis
801 365 1032 411 conlocavi.
1063 379 1207 425 neque
1237 365 1434 410 nobilitas
1454 365 1614 410 diutius
1633 366 1966 417 demonstranda
1984 373 2069 411 est:

283 440 444 499 quippe
474 441 698 486 Aemilium
727 455 863 500 genus
891 441 1123 486 fecundum
1153 441 1364 486 bonorum
1385 441 1553 493 civium,
1585 442 1721 501 etqui
1743 442 1896 487 eadem
1915 441 2072 487 familia
2135 435 2137 438 ⁴

283 518 494 575 corruptis
524 516 728 567 moribus,
761 516 925 560 inlustri
954 523 1096 566 tamen
1126 517 1294 561 fortuna
1323 531 1468 576 egere.

397 593 478 650 (28)
509 592 642 637 Paulo
674 591 802 638 Fabio
823 593 875 636 L.
906 592 1070 637 Vitellio
1101 595 1187 637 eds.
1218 599 1316 650 post
1350 591 1523 650 longum
1559 593 1831 638 saeculorum
1868 567 2073 638 ambitum

250 668 374 712 savis
402 667 590 726 phoenix
618 669 662 712 in
689 670 931 726 Aegyptum
959 668 1075 712 venit
1108 668 1395 726 praebuitque
1429 668 1651 713 materiam
1679 668 1937 714 doctissimis
1965 669 2075 713 indi-

283 757 488 802 genarum
518 750 561 788 et
590 743 850 788 Graecorum
878 743 1010 788 multa
1042 758 1175 802 super
1203 757 1256 788 eo
1291 743 1500 788 miraculo
1529 743 1783 789 disserendi.
1829 745 1886 789 de
1912 745 2075 804 quibus

284 825 541 878 congruunt,
579 826 623 864 et
650 819 781 878 plura.
803 819 1003 878 ambigua
1032 819 1110 863 sed
1143 819 1312 876 cognitu
1350 833 1436 863 non
1474 819 1681 869 absurda,
1721 834 1923 878 promere
1957 820 2074 865 libet.

282 908 453 939 sacrum
483 894 571 940 Soli
599 895 656 940 id.
675 895 830 941 animal
861 901 904 940 et
931 909 1008 939 ore
1037 909 1090 939 ac
1119 895 1320 938 distinctu
1349 895 1576 953 pinnarum
1604 910 1631 939 a
1650 896 1804 940 ceteris
1837 895 1988 940 avibus
2010 895 2077 940 dib

282 984 456 1014 versum
485 970 754 1015 consentiunt
781 971 856 1030 qui
877 970 1055 1015 somnam
1077 971 1171 1014 eius
1192 970 1407 1014 effinxere.
1429 970 1485 1015 de
1514 985 1694 1015 numero
1719 985 1939 1015 annorum·
1956 971 2077 1016 varia

233 1055 269 1087 ⁴0
283 1045 517 1090 traduntur.
549 1046 732 1092 maxime
759 1045 975 1104 vulgatum
996 1046 1327 1104 quingentorum
1355 1046 1561 1105 spatium:
1593 1053 1691 1091 sunt
1712 1047 1788 1105 qui
1817 1047 2075 1092 adseverent

283 1122 397 1167 mille
427 1122 762 1181 quadringentos
792 1122 1009 1180 sexaginta
1037 1136 1171 1166 unum
1201 1122 1385 1173 interici,
1425 1124 1680 1181 prioresque
1716 1122 1838 1167 alites
1866 1122 2073 1168 Sesoside

281 1197 479 1256 primum,
510 1204 608 1256 post
626 1198 825 1242 Amaside
846 1197 1174 1249 dominantibus,
1208 1197 1309 1241 dein
1334 1197 1578 1242 Ptolemaeo
1597 1198 1672 1256 qui
1694 1212 1748 1242 ex
1768 1197 2090 1243 Macedonibus

282 1274 432 1320 tertius
461 1274 664 1332 regnavit,
683 1274 739 1321 ,in
760 1273 974 1318 civitatem
993 1273 1060 1318 eui
1082 1272 1316 1331 Heliopolis
1346 1286 1502 1318 nomen
1533 1273 1814 1326 advolavisse,
1833 1273 1977 1318 ⁸multo
1999 1285 2077 1319 ce-

283 1355 473 1394 terarum
502 1350 722 1395 volucrum
745 1349 946 1394 comitatu
974 1363 1128 1402 novam
1154 1348 1306 1392 faciem
1336 1348 1592 1393 mirantium.
1623 1349 1700 1394 sed
1730 1349 1962 1408 antiquitas
1980 1350 2078 1409 qui-

234 1434 271 1468 45
285 1426 383 1470 dem
404 1425 608 1471 obscura:
638 1426 749 1471 inter
777 1425 1069 1470 Ptolemaeum
1098 1438 1149 1468 ac
1172 1424 1388 1469 Tiberium
1416 1425 1557 1468 minus
1578 1424 1749 1469 ducenti
1769 1425 2078 1484 quinquaginta

283 1503 382 1547 anni
415 1502 596 1547 fuerunt.
640 1501 756 1546 unde
791 1515 876 1545 non
906 1500 1009 1545 nulli
1038 1500 1190 1544 falsum
1227 1499 1341 1544 hune
1376 1500 1635 1559 phoenicem
1662 1500 2023 1559 neque=.Arabum
2051 1514 2077 1546 e

283 1579 408 1624 terris
428 1577 667 1628 credidere,
698 1576 888 1636 nihilque
919 1576 1196 1634 usurpavisse
1222 1590 1276 1620 ex
1305 1576 1369 1628 iis,
1401 1591 1515 1635 quae
1545 1583 1667 1621 vetus
1695 1577 1903 1621 memoria
1932 1576 2078 1662 firma·

349 1713 381 1746 4.
406 1713 489 1746 satis
509 1712 616 1745 multa
632 1676 795 1744 collocavi
819 1687 981 1752 Seyffert.
1010 1727 1046 1733 —
1073 1710 1104 1743 6.
1129 1719 1307 1752 yrecorum
1321 1711 1356 1745 M
1374 1728 1410 1733 —
1430 1710 1461 1743 9.
1480 1710 1639 1758 effinxere
1654 1710 1837 1754 Pichenat,
1853 1710 1985 1764 effinere
1996 1709 2073 1759 (sie)

282 1769 334 1809 M;
361 1769 513 1812 definiere
533 1764 739 1801 Beroaldus.
761 1786 797 1791 —
824 1768 876 1800 44.
896 1767 990 1800 alites
1013 1766 1161 1800 Sesoside
1182 1768 1371 1801 Rhenanus
1396 1767 1473 1806 (nisi
1490 1767 1586 1809 quod
1603 1764 1744 1810 scripsit
1757 1751 1953 1808 Sesostride,
1979 1759 2076 1810 quod

283 1834 414 1859 nomen
444 1824 647 1859 emendavit
673 1826 743 1858 Iac.
769 1824 965 1857 Gronovius
997 1822 1074 1857 coll.
1100 1824 1202 1857 Diod.
1229 1825 1260 1864 4,
1286 1824 1327 1858 53
1352 1832 1430 1866 sqq.
1436 1824 1465 1865 ):
1491 1824 1591 1857 aliter
1619 1832 1686 1857 esse
1709 1824 1814 1857 sosiae
1833 1824 1887 1863 Μ;
1918 1821 2005 1857 aiios
2025 1826 2077 1857 ter

282 1882 429 1916 Sesoside
450 1881 675 1929 Spengeliu83
701 1881 785 1922 alios
808 1884 874 1915 tres
895 1881 1042 1914 Sesoside
1057 1879 1226 1915 Halmius.
1247 1898 1283 1904 -
1309 1881 1362 1914 42.
1383 1881 1546 1922 ptolemeo
1568 1880 1603 1915 M
1627 1898 1664 1904 -
1689 1880 1962 1931 ⁴5.⁴.1›tolemeum
1978 1881 2019 1916 M·
2032 1896 2072 1923 -,

283 1939 337 1973 47.
362 1939 404 1972 iis
424 1939 593 1973 Ritterus:
618 1938 667 1971 his
689 1939 733 1973 M.

1781 2048 1898 2090 credas
1927 2048 2075 2099 &emines

1201 2108 1411 2148 hyacinthos,
1439 2108 1587 2148 Quorum
1609 2107 1649 2140 de
1670 2108 1777 2140 medio
1800 2107 1912 2140 lucida
1931 2108 2074 2151 flamma

281 2058 320 2092 L.
343 2057 508 2091 Arruntii.
544 2057 631 2090 hunc
656 2047 802 2094 Tiberius
824 2056 948 2090 Caesam
970 2056 1009 2090 ob
1031 2060 1154 2090 metum

282 2128 332 2134 --
346 2109 519 2142 retinebat.
548 2127 583 2132 -
613 2109 649 2141 in
669 2107 839 2149 prioribus
860 2107 962 2150 libris]
986 2107 1094 2141 veluti
1119 2109 1151 2148 4,

1202 2058 1312 2098 cuspis
1341 2058 1423 2091 hiatu
1463 2057 1612 2099 Inqentes
1639 2055 1747 2090 oculi:

284 2160 338 2193 ⁴3.
364 2159 401 2200 4,
426 2159 481 2193 20.
509 2176 546 2183 -
571 2157 754 2200 conlocavi]
778 2158 893 2191 minus
908 2158 1035 2191 usitate
1053 2157 1153 2199 quasi

284 2210 329 2244 de
353 2210 584 2243 monumento
607 2209 643 2242 in
659 2209 736 2242 eius
758 2208 933 2242 honorem
955 2208 1068 2250 posito
1088 2216 1153 2249 pro

282 2259 416 2302 vulgari
440 2259 608 2301 «scripsi,
634 2257 737 2291 dixi.»
757 2275 792 2281 —
815 2259 981 2299 corruptis
995 2257 1153 2300 moribus]

284 2311 458 2352 quotquot
492 2318 535 2342 ex
564 2307 620 2341 illa
651 2306 778 2341 familia
808 2308 891 2341 mali
914 2308 1010 2341 cives
1039 2308 1150 2348 fuere,

282 2359 380 2393 velut
401 2359 448 2392 Μ.
473 2358 625 2401 Lepidus
649 2366 723 2391 cos.
749 2367 781 2392 a.
808 2358 871 2391 676
903 2359 1022 2400 (cuius
1045 2357 1154 2391 turbi-

283 2410 348 2442 dae
368 2409 558 2450 rogationes
578 2409 824 2441 memorantur
846 2407 879 2449 3,
900 2407 953 2450 27)
978 2407 1152 2449 huiusque

283 2458 374 2493 filius
397 2459 442 2495 Μ.
467 2457 621 2500 Lepidus
636 2458 817 2491 triumvir.

327 2509 382 2542 28.
406 2508 509 2541 Paulo
530 2507 645 2549 Fabio]
670 2508 831 2548 Persico,
858 2507 959 2545 euius
974 2507 1155 2550 impurita-

284 2560 359 2592 tem
387 2559 511 2590 notant
533 2558 669 2591 Seneca
691 2557 736 2591 de
760 2557 881 2591 Benef.
905 2557 946 2596 4,
971 2557 1007 2591 34
1038 2559 1074 2591 et
1094 2559 1155 2591 Iu-

283 2606 418 2642 venalis
450 2608 489 2647 8,
527 2607 581 2640 43.
615 2624 650 2631 -
687 2608 724 2641 L.
754 2607 895 2648 Vitellio]
930 2608 1153 2650 imperatoris

283 2655 410 2698 Vitellii
431 2658 544 2699 patre.
572 2656 623 2690 Cf.
643 2666 674 2690 e.
693 2657 734 2690 32
751 2666 830 2700 sqq.
851 2651 887 2681 '—-
914 2658 987 2690 avis
1008 2658 1155 2692 Phoeniae

285 2707 368 2751 cet]
401 2705 529 2741 Plinius
552 2708 593 2740 N.
618 2707 660 2740 H.
687 2707 728 2739 40
751 2706 771 2748 S
794 2708 832 2740 2:
863 2706 1034 2741 Cornelius
1060 2708 1155 2741 Vale-

283 2758 402 2791 rianus
412 2756 603 2798 phoenicem
617 2757 818 2790 devolavisse
833 2757 869 2789 in
882 2756 1065 2799 Aeyyptam
1078 2761 1154 2790 tra-

285 2808 334 2841 dit
356 2807 395 2849 Q.
417 2806 547 2840 Plautio
569 2806 650 2840 Sex.
675 2808 814 2848 Papinio
835 2808 1023 2840 consulibus
1044 2806 1089 2850 (a.
1115 2817 1151 2841 u.

285 2857 361 2898 789,
385 2855 529 2891 biennio
553 2858 634 2899 post
657 2856 801 2891 Fabium
821 2859 858 2891 et
872 2857 1048 2891 Vitellium
1071 2866 1154 2892 con-

284 2905 404 2948 sules).
452 2904 577 2939 Eidem
611 2915 703 2939 anno
741 2907 926 2941 Phoenicis
961 2907 1153 2940 adventum

285 2955 407 2990 tribuit
428 2955 492 2989 Dio
515 2955 570 2995 58,
595 2955 650 2988 27.
675 2958 758 2989 Post
781 2958 832 2989 tot
855 2956 978 2990 funera
1002 2965 1043 2990 ac
1066 2965 1157 2999 sup-

283 3005 387 3048 plicia
410 3005 609 3040 memorata
631 3005 668 3038 in
690 3013 841 3038 amoena
857 3006 1074 3048 digressione
1091 3005 1154 3040 ali-

285 3057 461 3098 quatenus
483 3055 711 3096 requiescere
735 3054 844 3088 voluit
865 3056 1016 3090 Tacitus.
1035 3072 1071 3079 —
1098 3064 1155 3089 ore

285 3105 367 3147 cet.]
391 3104 521 3139 Plinius
543 3105 584 3137 N.
606 3104 647 3138 Η.
666 3105 707 3136 40
731 3103 806 3145 ἓ2ε
832 3105 967 3144 aquilae
989 3109 1155 3138 narratur

282 3155 529 3198 maynitudine,
553 3154 633 3188 auri
652 3154 784 3196 fuiaore
805 3155 897 3188 circa
915 3156 1020 3196 colla,
1045 3159 1155 3189 cetera

280 3214 491 3247 purpureus,
523 3205 712 3238 caeruleam
742 3206 846 3238 roseis
871 3207 1016 3238 caudam
1039 3206 1155 3247 pinnis

284 3255 572 3298 distinguentibus,
604 3256 714 3290 cristis
734 3255 858 3297 faucis,
891 3260 1056 3297 caputque
1071 3257 1154 3297 plu-

283 3314 354 3338 meo
382 3307 478 3347 apice
503 3305 682 3339 homtari.
716 3305 915 3338 Lactantius
938 3306 972 3337 in
997 3307 1152 3339 carmine

284 3354 329 3392 de
353 3355 528 3389 Phoenice
551 3364 586 3389 v.
612 3355 695 3389 ⁴35:
725 3354 854 3388 Albio-at
880 3354 1017 3396 insiqnis
1047 3356 1154 3388 miaeto

282 3405 450 3440 viridante
470 3406 668 3449 maraqdo,
698 3404 743 3440 Et
767 3412 856 3447 puro
877 3412 984 3438 cornu
1003 3413 1154 3447 aemmea

1201 2159 1316 2191 micat.
1346 2158 1520 2200 Aequatur
1550 2161 1616 2190 toto
1647 2157 1751 2198 capiti
1771 2157 1912 2190 radiata
1933 2165 2072 2198 corona,

1202 2208 1335 2242 Phoebei
1355 2209 1501 2251 reserens
1521 2208 1653 2240 verticis
1675 2207 1747 2240 alta
1760 2208 1870 2240 decus.
1896 2207 2007 2240 Omra
2028 2209 2074 2240 te·

1202 2263 1284 2301 9unt
1306 2267 1466 2300 squamae
1486 2260 1577 2301 slavo
1593 2258 1748 2290 distincta
1762 2258 1916 2297 nutatim·
1937 2257 2076 2291 Astur-

1201 2318 1280 2352 aues
1301 2318 1395 2342 roseo
1413 2309 1523 2351 pinyit
1544 2309 1667 2341 honore
1688 2308 1790 2341 color.
1827 2307 1880 2341 Cf.
1903 2306 2076 2341 Achillem

1203 2360 1341 2393 Tatium
1361 2360 1426 2400 111,
1451 2368 1487 2402 p.
1512 2359 1576 2392 245
1598 2367 1654 2400 sq.
1679 2357 1786 2391 Salm.
1813 2374 1850 2382 -·
1876 2358 2075 2401 quinimmo-

1201 2410 1290 2453 rum]
1316 2410 1548 2443 Consentiunt
1570 2407 1771 2442 Herodotus
1791 2407 1912 2448 ame.
1937 2408 2075 2441 Seneca

1202 2460 1264 2503 Ep.
1290 2460 1344 2493 42.
1374 2456 1589 2502 Pomponius
1613 2457 1702 2492 Mela
1725 2458 1764 2498 3,
1788 2458 1825 2491 8.
1860 2458 2076 2492 Phoenicem

1202 2510 1323 2543 vivere
1346 2510 1446 2543 annis
1469 2509 1555 2542 DXL
1579 2507 1737 2551 prodidit
1754 2506 1917 2542 Manilius
1934 2516 1993 2551 ap.
2010 2506 2077 2541 Pii·-

1203 2561 1301 2593 nium
1324 2560 1367 2593 40
1389 2559 1409 2601 5
1433 2559 1466 2594 4..
1493 2575 1530 2583 -
1563 2558 1653 2591 mille
1685 2558 1946 2600 quadr-inquam
1968 2565 2076 2591 ma-

1201 2610 1297 2652 yinta
1325 2609 1446 2651 unum]
1477 2607 1620 2642 Plurimi
1647 2616 1730 2641 eum
1753 2606 1925 2641 salmasio
1939 2607 2072 2641 Exere.

1203 2658 1308 2693 Solin'.
1334 2668 1368 2702 p.
1387 2658 1451 2693 388
1463 2658 1488 2691 b
1511 2659 1548 2691 in
1564 2667 1607 2691 eo
1624 2657 1869 2697 consentiunt.
1894 2656 2075 2690 bune‘nu-

1203 2717 1344 2742 merum
1366 2709 1546 2751 pertinere
1570 2708 1616 2741 ad
1637 2712 1771 2741 annum
1791 2711 1961 2748 magnum
1977 2707 2075 2740 enni-

1203 2758 1362 2792 cularem
1385 2759 1653 2801 Aegyptiorum.
1688 2756 1923 2798 Eandemque
1944 2764 2075 2790 nume-

1202 2817 1282 2842 rum
1308 2817 1399 2841 anno
1422 2817 1552 2850 magno
1575 2807 1734 2842 tribuunt
1751 2807 1965 2840 Censorinus
1978 2806 2022 2840 48
2037 2806 2076 2840 et

1202 2858 1267 2892 Dio
1288 2858 1342 2898 43,
1368 2859 1423 2891 26.
1456 2859 1518 2899 (Eo
1540 2865 1716 2890 annorum
1738 2865 1888 2890 numero
1912 2855 2075 2890 confecto

1202 2908 1339 2950 integer
1354 2916 1467 2942 annus
1482 2907 1701 2942 intercalaris
1715 2905 1900 2948 colligitur,
1916 2915 1961 2939 ex
1976 2907 2073 2940 horis

1203 2958 1466 2992 abundantibus
1489 2967 1598 3001 super
1619 2965 1811 2991 numerum
1831 2956 1973 2991 dierum
1994 2957 2071 2997 365,

1203 3008 1333 3050 quibus
1357 3009 1511 3043 constitit
1532 3016 1647 3042 annus
1668 3007 1942 3049 Aegyptiorum,
1968 3014 2074 3040 eom-

1203 3060 1338 3102 positus
1360 3061 1398 3093 et
1419 3060 1499 3102 post
1513 3067 1626 3092 annos
1641 3057 1727 3091 ⁴460
1741 3057 1958 3091 interiectus.
1982 3058 2072 3094 Nam

1203 3111 1286 3151 post
1307 3111 1473 3151 quartum
1489 3116 1670 3151 quemque
1684 3113 1817 3141 annum
1833 3114 1878 3140 ex
1891 3105 1960 3139 illis
1975 3106 2072 3140 horis

1203 3158 1280 3192 dies
1311 3157 1500 3200 colligitur,
1539 3167 1582 3192 ex
1614 3157 1671 3190 his
1702 3155 1829 3190 diebus
1854 3157 1937 3198 post
1956 3163 2072 3189 annos

1204 3207 1289 3241 ⁴460
1312 3206 1363 3249 (=
1385 3207 1405 3242 4
1428 3216 1453 3241 ><
1476 3207 1551 3249 365)
1582 3214 1696 3240 annus
1726 3207 1833 3239 totus.
1856 3203 2005 3246 Rima.)
2031 3220 2069 3229 —

1203 3257 1328 3299 tertius]
1354 3257 1570 3299 Euergetes,
1594 3257 1656 3299 qui
1677 3254 1836 3297 regnavit
1857 3252 1903 3286 ab
1924 3261 2019 3287 anno
2034 3261 2070 3289 u.

1202 3307 1265 3340 507
1294 3315 1407 3348 usque
1439 3306 1486 3339 ad
1508 3314 1540 3340 a.
1564 3306 1641 3339 532.
1669 3320 1706 3328 —
1736 3305 1826 3337 inter
1851 3303 2074 3336 nomam

1203 3366 1245 3392 tw
1261 3356 1433 3399 Tiberium]
1451 3356 1543 3389 inter
1556 3353 1750 3389 Ptolemaei
1764 3353 1874 3387 finem
1889 3361 1932 3386 ac
1943 3351 2072 3387 Tiberii

1202 3406 1438 3449 principatum
1469 3406 1516 3448 (a.
1543 3413 1578 3439 n.
1602 3403 1699 3446 767).
1724 3418 1764 3428 -
1795 3402 1910 3438 miuus
1941 3401 2074 3438 am
