2254 3770
324 317 410 364 402

803 321 847 365 P.
879 320 1130 366 CORNELII
1159 321 1331 366 TACITI
1359 321 1627 367 ANNALIUM

324 425 437 471 ferro
466 433 707 486 urgeretur,
741 426 985 472 cubiculum
1014 427 1210 472 Caesaris
1240 428 1357 471 iuxta
1377 427 1633 486 decoquitur
1653 428 1770 472 virus
1789 429 1970 487 cognitis
1990 435 2114 473 antea

325 503 502 546 venenis
546 502 756 561 rapidum.
813 502 895 559 (46)
939 517 1031 547 mos
1073 503 1309 548 habebatur
1348 503 1589 561 principum
1629 503 1789 548 liberos
1829 519 1926 548 cum
1958 504 2113 548 ceteris

322 577 439 622 idem
468 578 617 622 aetatis
646 577 860 622 nobilibus
890 578 1092 623 sedentes
1120 579 1235 623 vesci
1267 578 1311 621 in
1341 585 1518 637 aspectu
1548 579 1906 638 propinquorum,
1939 579 2113 638 propria

322 661 366 697 et
403 653 601 712 parciore
637 667 798 698 mensa.
840 653 925 697 illic
955 654 1151 712 epulante
1181 654 1440 706 Britannico,
1482 655 1584 713 quia
1613 654 1733 699 cibos
1769 662 1985 714 potusque
2016 655 2110 699 eius

289 728 514 773 adelectus
552 743 606 774 ex
638 730 840 774 ministris
880 735 1007 787 gustu
1044 729 1309 787 explorabat,
1357 744 1410 773 ne
1461 730 1725 774 omitteretur
1771 724 2003 774 institutum
2040 736 2114 774 aut

320 804 546 863 utriusque
575 811 712 850 morte
740 805 998 863 proderetur
1026 804 1189 857 scelus,
1223 804 1316 848 talis
1346 804 1471 848 dolus
1501 812 1698 863 repertus
1728 812 1804 850 est.
1836 805 2007 849 innoxia
2036 805 2113 849 ad-

320 879 405 924 huc
441 894 492 925 ac
529 879 773 939 praecalida
802 886 845 925 et
872 880 1000 924 libata
1030 887 1156 939 gustu
1184 881 1303 939 potio
1334 880 1513 924 traditur
1543 881 1804 935 Britannico;
1841 881 1963 932 dein,
1996 886 2113 939 post-

319 968 450 1014 quam
487 955 655 1000 fervore
686 956 1011 1014 aspernabatur,
1054 956 1205 1014 frigida
1246 957 1289 999 in
1318 970 1432 1015 aqua
1461 956 1691 1000 affunditur
1718 970 1955 1008 venenum,
1994 954 2113 1014 quod

318 1032 376 1075 ita
405 1037 583 1076 cunctos
612 1031 706 1076 eius
738 1038 855 1075 artus
884 1032 1083 1090 pervasit,
1115 1038 1162 1075 ut
1192 1045 1274 1076 vox
1298 1032 1459 1090 pariter
1478 1038 1520 1075 et
1538 1032 1712 1090 spiritus
1733 1038 1998 1090 raperentur.
2027 1037 2113 1076 tre-

267 1117 305 1147 ⁴0
317 1107 489 1165 pidatur
518 1121 544 1152 a
573 1107 1011 1159 circumsedentibus3
1050 1107 1275 1165 diffugiunt
1314 1107 1606 1166 inprudentes.
1638 1114 1680 1151 at
1709 1107 1867 1165 quibus
1897 1106 2021 1177 altior
2047 1107 2113 1150 in·
2139 1111 2145 1115 '

317 1182 531 1235 tellectus,
573 1183 777 1227 resistunt
814 1182 943 1227 defixi
974 1189 1017 1226 et
1045 1183 1258 1227 Neronem
1289 1184 1514 1227 intuentes.
1547 1182 1637 1234 ille,
1676 1190 1723 1226 ut
1751 1189 1840 1226 erat
1868 1182 2040 1227 reclinis
2070 1188 2113 1227 et

317 1259 464 1303 nescio
504 1258 673 1311 similis,
717 1258 888 1302 solitum
930 1259 987 1302 ita
1024 1258 1081 1302 ait
1118 1272 1197 1317 per
1226 1258 1481 1303 comitialem
1510 1258 1727 1309 morbum,
1773 1271 1861 1317 quo
1890 1258 2028 1316 prima
2057 1257 2111 1302 ab

316 1334 489 1378 infantia
517 1333 792 1378 afflictaretur
821 1333 1109 1385 Britannicus,
1151 1340 1194 1378 et
1229 1334 1445 1378 redituros
1475 1332 1676 1391 paulatim
1707 1333 1825 1377 visus
1855 1346 2111 1392 sensusque.

315 1416 358 1454 at
386 1409 644 1468 Agrippinae
674 1410 710 1454 is
741 1423 895 1467 pavor,
930 1423 982 1453 ea
1011 1409 1298 1453 consternatio
1329 1409 1501 1461 mentis,
1534 1409 1730 1467 quamvis
1750 1408 1868 1452 vultu
1892 1399 2130 1467 premere?

265 1494 302 1525 ⁴5
314 1491 402 1537 tur,
442 1485 634 1537 emicuit,
673 1491 719 1529 ut
758 1484 940 1544 perinde
970 1485 1160 1543 ignaram
1189 1484 1322 1528 fuisse
1352 1491 1474 1542 atque
1504 1484 1744 1536 Octaviam,
1789 1498 1982 1529 sororem
2019 1484 2112 1528 Bri-

315 1562 491 1613 tannici‚
525 1561 780 1606 constiterit:
813 1561 975 1619 quippe
1006 1560 1087 1604 sibi
1119 1574 1369 1618 supremum
1390 1559 1593 1604 auxilium
1615 1567 1812 1618 ereptum
1832 1566 1875 1604 et
1892 1559 2109 1618 parricidii

315 1637 559 1695 exemplum
589 1636 875 1694 intellegebat.
923 1636 1100 1681 Octavia
1130 1650 1325 1694 quoque,
1370 1635 1567 1694 quamvis
1597 1635 1778 1679 rudibus
1807 1635 1949 1687 annis,
1990 1635 2111 1680 dolo-

315 1727 426 1765 rem,
459 1713 699 1765 caritatem‚
733 1712 872 1756 omnis
903 1712 1080 1756 affectus
1110 1711 1379 1756 abscondere
1411 1711 1632 1755 didicerat.
1680 1710 1762 1768 (47)
1783 1711 1840 1755 ita
1861 1718 1960 1769 post
1978 1710 2110 1756 breve

315 1787 530 1834 silentium
566 1788 747 1847 repetita
787 1787 970 1832 convivii
1008 1787 1176 1832 laetitia.
1221 1801 1306 1831 nox
1346 1787 1501 1831 eadem
1530 1800 1682 1831 necem
1711 1786 1938 1832 Britannici
1969 1793 2013 1832 et
2039 1800 2111 1831 ro-

264 1873 301 1905 20
315 1880 416 1924 gum
446 1864 681 1916 coniunxit,
713 1864 887 1922 proviso
919 1870 1016 1907 ante
1045 1862 1211 1907 funebri
1243 1870 1412 1921 paratu,
1446 1862 1519 1921 qui
1552 1862 1747 1906 modicus
1774 1862 1862 1906 fuit.
1893 1862 1936 1905 in
1957 1876 2110 1921 campo

315 1947 457 1986 tamen
477 1940 619 1984 Martis
650 1939 844 1998 sepultus
875 1945 958 1991 est,
992 1938 1102 1982 adeo
1134 1938 1316 1983 turbidis
1348 1938 1567 1987 imbribus,
1598 1944 1643 1982 ut
1670 1937 1823 1996 vulgus
1854 1937 1958 1982 iram
1979 1938 2110 1982 deum

315 2016 512 2076 portendi
543 2014 775 2060 crediderit
804 2014 1014 2059 adversus
1045 2013 1225 2067 facinus,
1258 2015 1327 2059 cui
1359 2013 1554 2073 plerique
1584 2013 1711 2058 etiam
1741 2013 1962 2058 hominum
1989 2013 2110 2072 igno-

403 2153 434 2185 4.
458 2153 660 2193 urgerentur
681 2149 715 2183 M
739 2166 774 2172 —
807 2148 1029 2189 dequoquitur
1057 2149 1089 2182 M
1117 2165 1151 2171 -
1183 2149 1216 2180 2.
1240 2156 1322 2180 moa>
1349 2156 1442 2180 corr.
1467 2148 1503 2181 in
1533 2124 1603 2180 mlos
1625 2148 1659 2181 M
1684 2165 1719 2171 -
1753 2147 1785 2181 4.
1811 2147 1988 2182 brittanico
2010 2149 2045 2182 M
2070 2165 2107 2171 —

313 2206 401 2242 cibos
422 2208 613 2241 Danesius:
640 2205 730 2238 cibus
751 2206 785 2239 M
809 2222 845 2227 —
876 2205 907 2237 5.
932 2204 1094 2237 ministris
1116 2212 1169 2246 pr.
1195 2204 1247 2238 M:
1273 2204 1419 2237 ministri
1442 2212 1533 2237 corr.
1551 2205 1584 2238 M
1609 2221 1644 2228 —-
1671 2204 1870 2246 explorabat
1890 2213 1945 2247 pr.
1966 2205 2019 2239 M:
2043 2213 2108 2238 οω-

308 2264 512 2307 plorabatur
533 2272 625 2297 corr.
643 2263 677 2297 M
694 2280 729 2285 —
757 2263 963 2295 omitteretur
985 2260 1196 2294 Beroaldus:
1225 2262 1387 2295 omitteret
1408 2262 1443 2295 M
1460 2279 1496 2286 -
1522 2261 1553 2294 7.
1579 2261 1779 2295 brittannico
1801 2262 1836 2296 M
1861 2279 1898 2286 ·-
1923 2261 1955 2295 8.
1979 2260 2109 2304 sorbere

313 2321 348 2356 M
367 2339 404 2346 —·
428 2321 460 2354 9.
477 2320 616 2362 spiritus
637 2319 707 2352 eius
728 2320 928 2360 raperentur
943 2318 977 2352 M
995 2335 1030 2341 -
1059 2318 1111 2350 42.
1131 2318 1249 2359 prima
1264 2317 1440 2351 Acidalius
1458 2316 1546 2358 (coll.
1563 2318 1593 2358 4,
1608 2316 1640 2359 4>
1655 2327 1661 2348 z
1681 2318 1832 2359 primum
1846 2319 1880 2352 M
1897 2335 1933 2342 -
1953 2318 2006 2351 43.
2024 2317 2110 2351 brit-

313 2377 468 2411 tannicus
488 2377 540 2416 M3
568 2375 698 2409 delevit
721 2376 884 2409 Ritterus.
907 2392 942 2398 -
968 2373 1020 2407 ⁴4.
1039 2374 1220 2416 ayrippina
1244 2375 1276 2408 M
1295 2392 1328 2399 —
1354 2372 1524 2416 {imeretur
1548 2375 1578 2407 M
1607 2392 1641 2398 -
1668 2375 1722 2408 ⁴5.
1748 2378 1849 2416 atque
1870 2375 2042 2407 Faernus:
2068 2382 2110 2406 ac

313 2433 525 2469 Puteolanus
549 2434 585 2466 et
608 2431 736 2475 (deleto
759 2431 902 2465 nomine
920 2431 1106 2471 Octaviam)
1130 2431 1327 2470 Broterius;
1354 2439 1458 2473 quam
1475 2432 1510 2463 F.
1528 2431 1584 2464 W.
1603 2431 1700 2470 ott0;
1727 2434 1758 2464 et
1780 2432 1806 2465 Ι.
1830 2431 1870 2464 Η.
1889 2429 2008 2470 Nolte;
2034 2437 2106 2463 om.

314 2491 348 2526 M
374 2508 410 2514 —
435 2489 600 2523 octabiam
621 2497 770 2522 sororem
791 2489 984 2522 brittannici
1007 2489 1058 2528 M;
1090 2488 1191 2531 fuisse
1219 2488 1420 2531 [Octaviam,
1445 2497 1594 2521 sororem
1614 2487 1812 2530 Britannici]
1835 2486 2052 2531 Nipperdey.
2068 2503 2105 2510 -

314 2547 368 2580 46.
393 2543 550 2587 suiimum
570 2546 605 2580 Μ
630 2563 663 2570 -
699 2545 751 2578 48.
777 2545 903 2587 afectus
924 2545 959 2579 M
984 2562 1020 2568 —
1047 2545 1100 2578 49.
1126 2544 1318 2578 brittannici
1342 2546 1375 2579 M
1401 2562 1437 2568 —
1482 2545 1537 2578 20.
1562 2545 1758 2578 coniuncxit
1787 2544 1912 2586 (littera
1935 2553 1954 2577 c
1976 2543 2108 2588 puncto

314 2601 446 2645 notata)
469 2602 503 2636 M
529 2618 565 2625 —
590 2601 644 2634 24.
670 2598 725 2634 dni
743 2602 778 2636 M
798 2618 834 2625 —
860 2602 915 2635 22.
934 2601 1090 2643 protendi
1111 2602 1146 2636 M
1170 2618 1206 2625 —
1232 2602 1334 2635 etiam
1357 2602 1409 2635 M:
1435 2604 1547 2634 tamen
1570 2600 1751 2641 Heinsius3
1775 2601 1848 2634 iam
1868 2601 2032 2634 Ritterus.

314 2716 414 2750 dedit.
443 2732 480 2740 —-
504 2713 644 2756 cognitis
666 2717 766 2746 antea
788 2713 931 2756 venenis]
956 2714 979 2747 i.
1005 2723 1037 2747 e.
1063 2713 1188 2756 explo-

314 2767 398 2800 ratis
414 2766 451 2798 in
465 2764 582 2798 haedo
598 2766 634 2797 et
645 2763 812 2806 porcello.
832 2763 941 2797 Aliter
951 2764 1184 2798 Doederlein:

316 2816 557 2859 «cognitorum
588 2816 624 2846 et
650 2814 841 2848 lentiorum
872 2823 1095 2848 venenorum
1118 2815 1187 2847 mi-

313 2867 427 2901 stione
457 2873 590 2899 novum
614 2872 791 2898 venenum
817 2872 860 2896 ac
888 2864 1053 2907 rapidum
1076 2863 1186 2897 deco-

339 2917 467 2950 uitur.»

314 2926 337 2960 q
357 2968 411 3001 46.
435 2974 513 2999 cum
533 2965 650 2999 ceteris
663 2965 750 2998 idem
765 2965 885 2997 aetatis
898 2964 1071 3006 nobilibus]
1094 2966 1184 2997 Sue-

313 3018 384 3050 ton.
410 3016 474 3049 Tit.
493 3016 532 3048 2:
557 3015 730 3048 Educatus
750 3014 786 3046 in
802 3014 885 3046 aula
900 3022 975 3047 cum
988 3014 1184 3047 Britannico

311 3066 410 3100 simul
437 3074 479 3099 ac
507 3064 650 3106 paribus
678 3063 861 3104 disciplinis
892 3066 923 3096 et
945 3064 1036 3104 apud
1057 3064 1185 3097 eosdem

310 3117 490 3159 magistros
510 3115 692 3148 institutus.
710 3130 730 3136 -
745 3130 764 3136 -
779 3113 889 3146 Erant
904 3116 1015 3146 autem
1030 3114 1112 3146 adeo
1125 3114 1184 3155 fa-

310 3168 470 3208 miliares,
486 3168 524 3199 ut
539 3165 578 3198 de
587 3164 734 3206 potione,
752 3172 819 3204 qua
833 3164 1049 3196 Britannicus
1061 3164 1184 3197 hausta

306 3218 426 3259 periit,
463 3216 554 3249 Titus
587 3222 718 3257 qaoque
749 3214 850 3246 iuxta
880 3213 1006 3246 cubans
1033 3217 1183 3256 qustasse

310 3267 468 3299 credatur
498 3265 662 3307 pravique
691 3261 806 3296 morbo
836 3262 1020 3304 afflictatus
1043 3262 1113 3296 dia.
1142 3281 1178 3287 —

310 3314 462 3358 sedentes]
487 3324 559 3348 non
574 3312 828 3347 accumbentes
844 3314 883 3344 ut
904 3313 1057 3346 maiores
1074 3314 1178 3353 natu;

311 3365 508 3399 modestiae
524 3363 609 3398 illud
623 3364 774 3406 signum.
794 3361 846 3396 Cf.
865 3362 1007 3394 Sueton.
1022 3365 1108 3403 Aug.
1124 3361 1178 3396 64.

242 3442 247 3449 .
312 3413 434 3448 Claud.
460 3415 514 3448 32.
536 3432 570 3439 -
595 3413 683 3447 cibos
701 3416 866 3455 potusque
880 3428 930 3435 --
943 3414 1045 3452 qustu
1066 3411 1182 3453 explo-

310 3462 421 3505 rabat]
449 3464 537 3498 Vide
559 3463 605 3496 ad
628 3463 688 3504 42,
712 3462 766 3496 66.
795 3477 832 3485 -
865 3469 890 3494 a
910 3461 1182 3495 circumcidenti-

1237 2713 1312 2756 bus]
1342 2713 1633 2754 adolescentulis,
1669 2712 1856 2747 Britannici
1885 2710 2105 2755 aequalibus,

1238 2765 1282 2798 de
1307 2763 1437 2807 quibus
1460 2773 1580 2807 supra.

1281 2816 1335 2848 47.
1365 2814 1402 2847 in
1428 2822 1546 2856 campo
1577 2817 1601 2848 t.
1625 2814 1748 2847 Martis
1768 2812 1914 2854 sepultum
1934 2811 1998 2854 ost]
2034 2820 2107 2846 non

1237 2867 1355 2899 tamen
1380 2863 1428 2898 ibi
1451 2864 1680 2904 combustus,
1705 2863 1770 2897 sed
1793 2861 1962 2905 reliquiae
1979 2862 2056 2896 eius
2068 2862 2105 2896 in

1235 2924 1323 2948 urna
1340 2914 1467 2954 illatae,
1494 2915 1532 2947 ut
1547 2915 1684 2956 opinor,
1703 2913 1934 2946 monumento
1946 2912 2104 2954 Augusti.

1235 2966 1322 2998 Lirs.
1341 2965 1391 2998 Cf.
1412 2966 1443 3005 4,
1462 2965 1494 2997 8.
1513 2964 1545 3004 3,
1563 2964 1596 2998 4.
1617 2981 1654 2988 —·
1672 2964 1755 2996 adeo
1778 2963 1918 2996 turbidis
1935 2961 2104 3004 imbribus]

1235 3014 1323 3048 Vide
1347 3014 1392 3048 ad
1417 3023 1447 3046 c.
1474 3014 1527 3046 45.
1558 3031 1592 3037 -
1617 3013 1838 3056 aestimantes]
1863 3011 2105 3054 expendentes

1234 3066 1341 3107 atque
1371 3064 1453 3098 inde
1480 3064 1647 3097 indicium
1670 3063 1841 3097 iacientes
1863 3061 1966 3096 fatale
1988 3071 2103 3106 prope

1234 3114 1360 3155 fuisse,
1390 3115 1429 3147 ut
1456 3115 1548 3147 Nero
1576 3114 1814 3147 Britannicum
1846 3110 2036 3146 occideret.
2063 3130 2101 3137 —

1231 3164 1368 3197 illusum
1399 3164 1463 3197 isso
1491 3173 1527 3205 p.
1564 3163 1616 3206 B.]
1653 3164 1903 3205 constuprasse
1937 3170 2101 3206 puerum.

1233 3213 1284 3248 Cf.
1310 3215 1363 3254 45,
1381 3215 1441 3248 72:
1465 3215 1569 3247 matri
1591 3214 1662 3247 eius
1683 3214 1807 3246 inlusit.
1828 3230 1864 3238 -
1886 3220 1988 3246 sacra
2007 3220 2103 3246 men·-

1230 3264 1298 3307 sae]
1327 3263 1380 3298 Cf.
1405 3265 1459 3305 ⁴5,
1483 3265 1538 3297 52.
1569 3264 1620 3297 Ex
1641 3264 1868 3305 antiquorum
1890 3270 2000 3296 sensu
2022 3270 2103 3296 ma·

1231 3314 1325 3347 xime
1347 3316 1494 3357 propter
1517 3322 1644 3356 preces
1667 3322 1709 3346 ac
1731 3312 1918 3346 libationes
1932 3311 2101 3356 quodque

1232 3363 1432 3397 convivium
1455 3364 1556 3405 quasi
1579 3362 1742 3396 sacrificii
1769 3362 1880 3396 instar
1901 3363 1990 3396 erat.
2025 3362 2099 3396 Liv-

1232 3413 1286 3453 39,
1303 3412 1365 3446 43:
1391 3413 1477 3445 inter
1495 3413 1619 3454 pocula
1641 3415 1742 3452 atquo
1758 3411 1891 3452 opulas,
1915 3411 1973 3445 ubi
1993 3410 2101 3446 uben

1232 3460 2095 3503 aasaapos,ab5boncprooarimonosmoet.—
