2254 3770
671 262 826 307 LIBER
855 261 943 305 XII.
986 262 1090 319 Cap.
1120 262 1159 304 9.
1190 261 1257 305 40.
1289 261 1355 306 44.
1387 261 1405 305 4
1415 262 1454 306 2.
1871 258 1950 303 354

168 371 252 416 lior
276 371 602 416 adscisceretur.
646 370 731 427 (44)
759 370 831 413 ubi
865 368 974 413 haec
1002 375 1131 426 atque
1159 368 1259 412 talia
1288 369 1593 419 dissertavere,
1626 367 1772 425 incipit
1800 367 1956 410 oratio-

168 461 267 491 nem
310 447 470 491 Caesar
511 445 566 489 de
606 445 772 502 fastigio
809 446 998 489 Romano
1029 443 1367 502 Parthorumque
1399 443 1642 502 obsequiis:
1689 456 1825 501 seque
1855 442 1955 485 divo

166 525 356 580 Augusto
386 520 678 578 adaequabat,
709 520 887 578 petitum
919 519 974 562 ab
1003 533 1056 563 eo
1087 532 1232 576 regem
1263 519 1470 570 referens,
1502 519 1660 562 omissa
1681 518 1838 561 Tiberii
1866 531 1956 561 me-

167 597 319 648 moria,
352 609 611 654 quamquam
642 595 679 638 is
709 609 885 653 quoque
917 596 1101 638 miserat.
1147 593 1311 637 addidit
1347 601 1577 652 praecepta
1608 593 1776 651 (etenim
1809 593 1957 636 aderat

166 670 464 727 Meherdates),
513 677 559 713 ut
586 684 672 714 non
701 669 1034 713 dominationem
1063 676 1106 713 et
1134 683 1283 712 servos
1314 668 1391 712 sed
1423 677 1635 713 rectorem
1665 676 1708 713 et
1736 669 1853 712 cives
1883 682 1987 712 (ιο-5

166 747 334 804 gitaret,
365 745 722 803 clementiamque
742 758 794 788 ac
814 745 1036 795 iustitiam,
1069 750 1229 802 quanto
1250 746 1395 801 ignota
1413 744 1622 795 barbaris,
1645 752 1760 788 tanto
1780 743 1956 788 laetiora

167 827 427 879 capesseret.
457 819 556 864 hinc
586 834 739 863 versus
768 821 824 863 ad
853 819 1016 877 legatos
1045 819 1205 863 extollit
1234 819 1431 863 laudibus
1452 820 1669 863 alumnum
1687 819 1826 871 urbis,
1858 832 1958 877 spe-

168 902 306 941 ctatae
341 896 397 940 ad
432 895 476 939 id
506 894 764 938 modestiae:
809 908 861 938 ac
898 902 1038 938 tamen
1068 894 1245 938 ferenda
1276 909 1425 953 regum
1455 895 1642 953 ingenia,
1688 909 1830 953 neque
1861 895 1957 938 usui

171 972 343 1016 crebras
380 971 647 1014 mutationes.
702 983 794 1013 rem
831 971 1063 1014 Romanam
1102 969 1186 1014 huc
1222 971 1416 1014 satietate
1446 970 1606 1027 gloriae
1636 977 1882 1028 provectam
1914 977 1959 1013 ut

168 1046 353 1091 externis
383 1059 560 1104 quoque
590 1045 788 1103 gentibus
818 1046 1008 1103 quietem
1037 1045 1148 1089 velit.
1208 1044 1354 1089 datum
1387 1045 1567 1103 posthac
1597 1046 1641 1089 C.
1675 1046 1842 1097 Cassio,
1883 1046 1958 1103 qui
1973 1059 2009 1088 ιο

169 1122 321 1166 Suriae
349 1128 569 1179 praeerat,
602 1120 820 1164 deducere
850 1121 1049 1163 iuvenem
1083 1122 1219 1178 ripam
1248 1120 1303 1163 ad
1339 1120 1573 1178 Euphratis.
1619 1121 1700 1177 (42)
1724 1135 1775 1164 ea
1797 1129 1960 1178 tempe-

167 1204 275 1241 state
306 1197 479 1240 Cassius
509 1203 678 1240 ceteros
708 1195 1002 1254 praeminebat
1031 1196 1181 1253 peritia
1213 1195 1375 1252 legum:
1407 1210 1506 1239 nam
1524 1196 1727 1240 militares
1748 1203 1861 1240 artes
1882 1210 1960 1254 per

167 1273 300 1316 otium
329 1273 519 1330 ignotae,
553 1271 872 1329 industriosque
902 1278 975 1314 aut
1005 1271 1180 1328 ignavos
1210 1284 1293 1328 pax
1322 1271 1364 1313 in
1399 1285 1541 1330 aequo
1571 1278 1698 1316 tenet.
1737 1286 1788 1316 ac
1818 1279 1958 1315 tamen

129 1384 133 1387 e
167 1354 374 1405 qnantum
404 1347 498 1390 sine
527 1346 640 1390 bello
671 1345 868 1397 dabatur,
902 1359 1107 1390 revocare
1136 1347 1326 1404 priscum
1346 1360 1527 1397 morem,
1561 1348 1797 1392 exercitare
1827 1347 1960 1404 legio-

168 1437 265 1474 nes,
298 1436 402 1466 cura
431 1422 608 1480 provisu
637 1421 816 1479 perinde
846 1434 977 1478 agere
997 1435 1050 1465 ac
1069 1422 1104 1464 si
1128 1421 1261 1465 bostis
1284 1422 1521 1479 ingrueret:
1554 1422 1608 1466 ita
1629 1422 1804 1480 dignum
1826 1423 1953 1466 maio·
1973 1435 2011 1466 ⁴5

168 1498 288 1542 ribus
311 1498 401 1541 suis
423 1504 466 1540 et
488 1496 643 1540 familia
665 1497 812 1541 Cassia
837 1503 958 1540 ratus
977 1511 1057 1555 per
1087 1496 1178 1540 illas
1199 1510 1374 1555 quoque
1404 1505 1553 1555 gentes
1574 1498 1802 1542 celebrata.
1834 1499 1960 1555 igitur

168 1573 317 1621 excitis
346 1586 532 1630 quorum
563 1572 619 1616 de
651 1573 858 1616 sententia
888 1572 1045 1630 petitus
1066 1586 1161 1623 rex,
1193 1573 1431 1631 positisque
1453 1573 1604 1617 castris
1625 1574 1739 1631 apud
1762 1575 1958 1630 Zeugma,

168 1648 284 1692 unde
314 1647 498 1690 maxime
535 1647 711 1704 pervius
740 1647 896 1698 amnis,
937 1654 1167 1705 postquam
1196 1647 1381 1691 illustres
1411 1648 1552 1692 Parthi
1582 1662 1747 1706 rexque
1775 1649 1960 1692 Arabum

169 1723 359 1767 Acbarus
389 1723 637 1773 advenerat,
670 1728 814 1766 monet
842 1722 1117 1766 Meherdaten
1140 1722 1421 1767 barbarorum
1442 1724 1625 1781 impetus
1646 1738 1768 1768 acres
1789 1732 1961 1769 cuncta-

230 1851 266 1884 3.
292 1860 373 1893 aaa.
400 1851 472 1891 (sic)
495 1849 685 1891 adaquabat
708 1850 740 1882 M
771 1866 808 1873 —
841 1849 873 1883 4.
900 1858 1096 1892 quanquam
1118 1850 1150 1883 M
1177 1867 1213 1873 -
1238 1851 1271 1884 5.
1297 1851 1507 1883 dentitionem
1529 1860 1582 1894 pr.
1609 1853 1642 1885 M
1668 1870 1705 1875 —
1729 1852 1891 1894 cogitaret
1914 1853 1959 1885 G:

168 1907 332 1941 cecitaret
354 1908 386 1941 Μ
410 1925 446 1931 -
473 1907 504 1940 6.
529 1907 647 1949 ignota
669 1906 749 1940 cod.
772 1907 1025 1939 Farnesianus:
1050 1907 1168 1948 ignata
1190 1908 1244 1945 M3
1267 1907 1427 1949 ignorata
1443 1908 1620 1946 Heraeus,
1644 1909 1771 1951 ignara
1792 1908 1847 1941 alii
1871 1907 1959 1950 (coll.

167 1965 206 2005 2,
233 1965 285 1998 43.
311 1964 365 2005 45,
391 1963 466 2004 62);
500 1964 539 1995 tu
562 1962 606 1996 cf.
632 1962 721 1995 infra
745 1972 778 1995 v.
803 1962 844 1995 43
869 1964 903 1995 et
925 1962 968 2003 2,
991 1963 1033 1995 2:
1069 1963 1203 2005 iynotae
1223 1964 1354 1996 Parthis
1374 1965 1525 1997 virtutos.
1553 1982 1589 1988 ——
1620 1968 1714 1997 tanto
1735 1965 1878 1998 laetiora
1899 1966 1964 1999 Ur-

170 2022 268 2054 sinus
292 2022 328 2053 et
349 2019 542 2053 Acidalius:
568 2023 660 2052 tanto
683 2020 881 2052 toleratiora
895 2021 929 2053 M
946 2037 981 2043 —
1001 2020 1034 2052 7.
1058 2023 1243 2061 capesceret
1257 2021 1292 2054 M
1310 2040 1345 2045 —
1367 2022 1418 2054 40.
1433 2021 1573 2062 posthac
1587 2022 1637 2055 M:
1657 2025 1734 2063 post
1748 2021 1829 2054 haec
1843 2020 1960 2063 vulgo.

170 2093 208 2101 -
225 2076 275 2119 G.]
292 2077 332 2110 G.
350 2077 385 2110 M
403 2095 438 2100 —
462 2077 515 2109 44.
531 2076 673 2117 eurr-atis
687 2076 721 2109 M
737 2093 773 2099 —
804 2076 856 2109 43.
881 2076 992 2118 iynote
1007 2076 1043 2109 M
1061 2094 1094 2100 -
1118 2077 1171 2109 46.
1190 2077 1307 2110 Cassia
1318 2081 1417 2110 ratus
1426 2087 1491 2118 per
1505 2086 1598 2110 corr.
1616 2078 1667 2110 M:
1695 2078 1811 2110 Cassia
1827 2077 1963 2119 (lacuna

169 2135 251 2166 octo
273 2132 347 2166 fere
369 2131 577 2173 litterarum)
597 2140 661 2173 per
681 2140 734 2174 pr.
760 2132 812 2171 M;
839 2132 955 2165 Cassia
973 2141 1036 2173 per
1057 2133 1127 2165 lac.
1146 2134 1353 2167 Gronovius.
1373 2150 1408 2157 -
1437 2134 1490 2166 47.
1512 2133 1634 2174 petitus
1656 2135 1701 2167 G:
1719 2134 1850 2176 peritus
1871 2135 1906 2168 M
1923 2151 1961 2158 —

170 2189 225 2222 49.
250 2189 394 2222 acbarus
414 2189 466 2223 M:
491 2188 644 2231 Abyams
665 2189 829 2230 Ryckius.

171 2294 274 2337 urbis]
299 2295 351 2328 Cf.
370 2296 402 2335 4,
419 2294 481 2328 44:
506 2295 673 2337 teotonem
694 2295 860 2328 almanus.
880 2313 918 2320 —
937 2297 981 2328 ad
995 2295 1045 2338 id]

173 2346 359 2388 temporis,
376 2353 462 2386 non,
476 2347 516 2377 ut
531 2344 687 2379 nonnulli
702 2344 901 2385 voluerunt,
922 2355 1044 2388 aprae-

174 2396 292 2435 terea,
315 2395 495 2437 insuper.»
522 2395 573 2430 cf.
599 2404 631 2428 c.
656 2395 710 2428 38.
735 2413 771 2418 —
798 2404 840 2428 ac
861 2399 971 2428 tamon
991 2395 1043 2437 se-

1092 2305 1168 2328 eum
1190 2296 1316 2329 Caesar
1334 2295 1449 2338 (Nero)
1473 2296 1608 2329 civitate
1624 2296 1770 2337 pelleret.
1794 2297 1965 2338 Eaepulsus

1092 2346 1134 2378 ab
1156 2355 1194 2379 σο
1215 2346 1252 2379 in
1273 2346 1490 2386 Sardiniam,
1519 2350 1696 2379 revocatus
1717 2356 1740 2380 a
1765 2348 1965 2389 Vespasiano

1092 2397 1178 2429 diem
1210 2405 1307 2429 suum
1339 2396 1429 2430 obiit.
1459 2413 1496 2420 —
1531 2397 1569 2429 ia
1598 2405 1707 2439 aequo
1729 2399 1835 2439 tenet]
1869 2398 1962 2438 facit,

171 2445 278 2477 reuda
305 2453 336 2477 r.
360 2444 513 2486 ingenia]
544 2445 572 2477 si
596 2443 652 2477 vel
678 2445 832 2477 maxime
856 2444 1044 2486 aliquando

171 2493 296 2527 durius
325 2492 455 2535 aliquid
487 2495 700 2534 statuerent,
729 2494 798 2527 hoc
819 2493 1044 2528 nihilominus

171 2543 360 2579 ferendum
375 2552 468 2577 esse.
487 2560 523 2567 -
543 2544 670 2586 mum]
686 2544 908 2585 mandatum,
931 2547 970 2578 ut
985 2554 1046 2578 res

172 2594 240 2636 ipsi
260 2594 467 2627 honorifica.
479 2611 515 2618 -
534 2594 570 2627 C.
589 2594 713 2636 Cassio]
739 2595 775 2627 L.
795 2595 817 2628 f.
835 2596 873 2628 L.
891 2605 926 2628 ιι.
953 2597 1045 2628 Lon-

173 2643 275 2685 gino,
312 2642 447 2676 consuli
480 2643 630 2677 suffecto
660 2653 693 2677 a.
718 2653 752 2676 ιι.
779 2644 855 2685 783,
884 2644 982 2678 fratri
1004 2646 1041 2678 L.

174 2693 286 2728 Cassii
317 2694 482 2735 Longini,
525 2693 681 2728 consulis
715 2694 881 2728 ordinarii
915 2694 1044 2728 eodem

174 2752 268 2777 anno
290 2743 334 2785 (6
354 2744 419 2784 45).
452 2744 504 2778 Ct'.
526 2744 580 2784 43,
604 2744 659 2778 44.
675 2744 730 2778 48.
757 2744 816 2784 44,
835 2744 889 2778 42.
915 2745 970 2785 45,
987 2745 1041 2778 52.

1093 2448 1134 2479 ut
1161 2455 1226 2489 par
1259 2447 1305 2480 sit
1336 2455 1462 2480 eorum
1495 2447 1590 2480 inter
1621 2447 1812 2490 populares
1843 2450 1966 2482 existi-

1094 2497 1212 2529 matio.
1243 2513 1279 2520 —-
1306 2497 1451 2538 familia]
1474 2505 1540 2539 pro
1567 2498 1689 2538 gente,
1714 2500 1754 2530 ut
1779 2497 1966 2541 aliquoties

1092 2547 1188 2589 apud
1220 2547 1390 2580 Tacitum.
1423 2565 1458 2571 —
1487 2556 1554 2588 per
1584 2547 1662 2580 illas
1694 2557 1825 2589 quoque
1855 2553 1967 2591 qantos

1091 2596 1274 2639 celebrata]
1307 2595 1428 2630 Vellei.
1452 2596 1492 2636 2,
1517 2595 1581 2630 46:
1612 2597 1781 2638 Reliquias
1801 2599 1967 2641 leq-‘omum

1094 2647 1233 2688 (Crassi)
1267 2646 1302 2679 G.
1329 2646 1479 2686 Cassius,
1509 2646 1709 2679 atrocissimi
1736 2656 1818 2680 neom
1847 2652 1967 2681 auctor

1065 2697 1253 2754 facinori-5
1270 2697 1485 2738 (interfector
1501 2697 1688 2738 Caesaris),
1711 2700 1781 2730 tum
1796 2703 1965 2739 quaestor,

1065 2732 1301 2779 'consmavtt
1315 2746 1515 2786 Syriamque
1537 2746 1619 2779 adeo
1641 2747 1677 2779 in
1692 2748 1811 2788 populi
1826 2749 1966 2781 Romani

174 2793 229 2833 46,
245 2794 277 2826 7.
295 2793 328 2826 9.
346 2794 401 2826 22.
421 2812 457 2818 -
480 2794 595 2834 ripam
616 2795 663 2827 ad
676 2795 868 2838 Euphratis]
892 2796 944 2828 De
960 2803 1045 2827 ver·
1089 2799 1252 2837 potestate
1272 2795 1425 2835 retinuit,
1449 2798 1486 2828 at
1508 2798 1732 2838 transqressos
1745 2797 1782 2829 ia
1797 2806 1871 2830 eum
1885 2799 1967 2831 Par-

99 2846 101 2848 “
173 2842 304 2877 horum
326 2843 452 2877 ordine
473 2844 554 2878 vide
578 2845 624 2878 ad
646 2844 687 2886 4,
711 2846 743 2878 5.

221 2943 273 2978 42.
297 2943 430 2976 casatus
452 2953 481 2977 c.
495 2953 533 2984 p.
546 2945 674 2985 pem'tia
688 2943 809 2986 10qu
830 2945 1045 2986 Pomponius

174 2992 307 3034 Digest.
332 2993 364 3031 1,
388 2993 428 3032 2,
452 2993 491 3033 2,
516 2992 577 3026 47:
600 2994 692 3027 Ateio
715 2994 870 3034 Capitoni
892 2994 938 3035 (in
960 2994 1045 3026 iuris

175 3042 286 3076 civilis
309 3043 470 3083 scientia)
498 3044 686 3076 Mamm
715 3044 860 3077 Sabinas
881 3044 1044 3076 successit.

174 3109 224 3119 ψ·
238 3093 323 3126 Huic
343 3093 494 3126 necessu
515 3093 551 3126 C.
577 3093 708 3126 Cassius
728 3094 919 3135 Longinus,
946 3096 1046 3126 natm

175 3143 522 3185 camerulam-onis,
547 3143 1047 3184 quamnepasserviisu-

170 3193 275 3234 pic&
297 3197 330 3226 et
349 3194 423 3226 ideo
448 3202 616 3234 proavum
637 3201 734 3225 suam
756 3193 909 3225 Servium
930 3192 1046 3232 Sulpi-

174 3242 265 3275 ciem
284 3243 440 3284 appellat.
472 3243 534 3275 Hic
554 3242 668 3275 consul
695 3243 761 3283 fuit
782 3251 858 3274 eum
881 3242 1046 3282 Quartino

177 3291 298 3332 (immo
319 3301 396 3326 cum
413 3293 597 3326 1..wa
619 3291 786 3331 Surdino,
809 3292 937 3324 Inscrr.
956 3292 1044 3324 Latt.

176 3347 213 3373 ιι.
234 3339 331 3383 4033)
355 3341 555 3382 &vaporibus
578 3341 718 3380 Tiberii,
749 3344 782 3373 ot
802 3340 988 3381 plurimam
1009 3340 1046 3373 ia

175 3389 311 3424 οὕνίωο
335 3392 545 3425 anemis
575 3390 692 3426 habim
717 3398 757 3424 σο
785 3398 908 3431 uque,
944 3390 1046 3422 donoc

1093 2846 1164 2878 thos
1190 2845 1279 2886 felici
1302 2853 1417 2877 rerum
1439 2847 1556 2878 eventu
1580 2845 1718 2887 fayaret
1738 2855 1780 2878 ac
1800 2847 1965 2888 sumeret.

1095 2895 1147 2931 Cf.
1171 2895 1237 2928 Dio
1258 2894 1312 2934 40,
1337 2894 1393 2927 28.
1421 2912 1457 2918 -
1489 2895 1645 2936 Zeugma]
1672 2896 1845 2938 oppidum
1867 2901 1965 2930 traa-

1093 2946 1159 2977 situ
1189 2944 1373 2984 Euphratis
1402 2943 1525 2984 nobile,
1562 2943 1649 2977 Plin.
1677 2947 1717 2979 N.
1744 2946 1785 2978 H.
1811 2948 1831 2979 ὃ
1864 2947 1885 2988 S
1907 2947 1965 2979 86.

1094 2996 1194 3027 Nunc
1226 2993 1427 3026 Tscheschmo
1455 2994 1530 3028 sive
1552 2994 1658 3029 Zima.
1695 2995 1773 3028 Vid.
1798 2995 1968 3037 Forbiger

1095 3043 1302 3085 Geoqraphie
1324 3044 1374 3083 ΙΙ,
1396 3052 1432 3085 p.
1458 3043 1533 3078 653.
1562 3061 1599 3068 -
1622 3044 1781 3086 Arabum]
1809 3045 1967 3078 Osrhoe—

1094 3101 1222 3126 norum
1237 3093 1274 3125 in
1285 3093 1559 3134 Mesopotamiae
1575 3096 1674 3135 parte
1691 3093 1911 3127 occidentali.
1926 3113 1962 3119 -

1093 3141 1250 3183 Anbar-vas]
1275 3141 1446 3175 Sci-ibitur
1468 3143 1574 3176 etiam
1587 3138 1776 3188 ‘''Ayssoeqog
1799 3145 1907 3184 atque
1929 3144 1966 3177 in

1094 3192 1248 3227 nummis
1269 3193 1306 3223 et
1326 3190 1433 3224 titulis
1457 3193 1596 3232 (Inscrr.
1618 3193 1705 3224 Latt.
1724 3201 1759 3224 n.
1778 3192 1851 3232 924)
1876 3201 1965 3226 con-

1094 3242 1229 3277 stanter
1257 3238 1492 3282 ΑΒΓΔΡΟΣ,
1522 3240 1692 3274 sollemne
1723 3240 1790 3274 illis
1819 3241 1964 3283 regibus
2007 3259 2017 3270 ι

1094 3298 1225 3322 nomen
1257 3292 1429 3332 perpetua
1456 3291 1564 3332 stirpe
1596 3289 1747 3322 deducta
1777 3298 1891 3332 usque
1918 3292 1964 3324 ad

1095 3339 1311 3375 Gordianum
1342 3341 1455 3374 Pium.
1491 3339 1590 3372 cont.
1614 3339 1742 3380 Bayeri
1778 3340 1864 3374 Hist.
1899 3342 1964 3375 Os-

1093 3389 1217 3426 rhoea.
1241 3392 1279 3424 et
1300 3390 1426 3426 Edess.
1449 3387 1626 3431 Petropoli
1643 3388 1728 3425 4734
1748 3398 1786 3432 p.
1804 3391 1880 3433 ⁴25,
1905 3393 1963 3425 cui
