2254 3770
337 308 420 353 546

817 309 862 352 P.
894 308 1146 353 CORNELII
1175 308 1345 353 TACITI
1374 308 1643 354 ANNALIUM

338 429 391 460 eo
421 429 562 475 usque
593 429 696 460 cura
725 415 941 474 progressi
974 422 1090 467 sunt,
1123 422 1168 460 ut
1195 415 1371 461 totidem
1401 430 1536 461 annos
1563 429 1822 476 mensesque
1842 423 1884 461 et
1904 416 1998 462 dies
2018 418 2129 464 inter

270 501 272 504 ’
337 498 519 551 utraque
549 491 747 536 incendia
776 498 1014 536 numerent.

450 567 531 624 (42)
574 567 1169 636 ΕΘῐθτιὲᾳὲμΕςς-ρῲμωήρξρ
1191 567 1528 629 patriae-*guinis
1559 568 1741 612 extruxit
1772 582 1837 622 ue*
1859 568 2032 613 domum
2087 569 2130 612 in

337 657 423 702 qua
452 642 566 686 haud
598 632 779 701 perinde
809 657 1004 701 gemmae
1035 649 1078 688 et
1107 657 1260 687 aurum
1284 624 1497 687 Υ[ηἷἐῖεὶὀῖιῐο
1529 640 1693 696 essent,
1737 643 1860 688 solita
1891 643 2058 702 pridem
2089 650 2133 689 et

304 718 438 762 sluxu
467 718 654 776 volgata,
687 732 819 777 quam
848 732 951 762 arva
981 725 1023 762 et
1052 725 1200 777 stagna
1230 726 1272 763 et
1301 718 1343 762 in
1369 718 1545 762 modum
1565 718 1839 763 solitudinum
1862 719 1960 764 hinc
1983 719 2129 772 silvae,

335 794 435 838 inde
464 800 614 852 aperta
643 795 780 852 spatia
809 800 851 839 et
881 801 1155 853 prospectus,
1194 794 1405 852 magistris
1436 800 1478 838 et
1506 793 1867 839 machinatoribus
1897 795 2059 840 Severo
2089 801 2155 840 et.

337 869 505 922 Celere,
538 869 696 928 quibus
717 870 935 928 ingenium
958 876 1001 915 et
1020 869 1202 914 audacia
1221 876 1331 921 erat,
1363 870 1493 914 etiarn
1513 884 1625 929 quae
1646 877 1797 914 natura
1817 870 2129 929 denegavisset,

335 959 414 1004 per
443 952 578 990 artem
607 951 816 1004 temptare
847 952 889 990 et
918 945 1081 990 viribus
1111 946 1316 1004 principis
1338 945 1532 990 illudere.
1563 960 1749 1005 namque
1770 946 1824 991 ab
1845 946 1941 991 lacu
1961 948 2130 991 Averno

334 1020 619 1079 navigabilem
657 1020 818 1065 fossam
862 1035 1001 1081 usque
1039 1021 1094 1066 ad
1131 1021 1239 1066 ostia
1277 1020 1473 1066 Tiberina
1511 1021 1796 1080 depressuros
1832 1023 2128 1081 promiserant,

286 1097 548 1158 aosqualenti
592 1096 714 1141 litore
756 1104 830 1141 aut
873 1111 951 1155 per
993 1103 1160 1141 montes
1200 1097 1420 1141 adversos.
1466 1111 1608 1156 neque
1648 1098 1759 1141 enim
1799 1097 1902 1142 aliut
1937 1097 2129 1142 umidum

335 1172 559 1231 gignendis
597 1173 723 1231 aquis
759 1173 946 1217 occurrit
983 1187 1111 1232 quam
1151 1173 1400 1231 Pomptinae
1431 1173 1633 1231 paludes:
1675 1180 1819 1218 cetera
1847 1173 2029 1232 abrupta
2057 1179 2131 1218 aut

334 1249 515 1300 arentia,
558 1262 610 1293 ac
649 1249 684 1292 si
723 1248 941 1307 perrumpi
979 1255 1176 1306 possent,
1219 1248 1512 1293 intolerandus
1551 1248 1673 1293 labor
1708 1263 1789 1294 nec
1819 1250 1921 1293 satis
1957 1263 2128 1294 causae.

333 1329 447 1370 Nero
477 1331 640 1378 tamen,
671 1330 718 1367 ut
747 1330 839 1368 erat
868 1323 1185 1368 incredibilium
1204 1325 1381 1383 cupitor,
1414 1324 1604 1369 effodere
1629 1325 1822 1383 proxima
1842 1326 2010 1369 Averno
2031 1325 2130 1384 iuga

334 1401 506 1446 conisus
548 1406 632 1453 est,
672 1406 931 1459 manentque
970 1400 1149 1457 vestigia
1187 1400 1330 1444 irritae
1369 1400 1476 1458 spei.
1533 1400 1614 1457 (43)
1646 1407 1835 1445 ceterum
1866 1399 1987 1445 urbis
2016 1413 2129 1459 quae

282 1487 320 1518 ⁴5
333 1477 479 1521 domui
517 1482 771 1535 supererant
799 1489 903 1527 non,
945 1482 992 1519 ut
1025 1483 1122 1534 post
1153 1475 1313 1520 Gallica
1342 1476 1559 1527 incendia,
1601 1475 1715 1519 nulla
1745 1476 2016 1521 distinctione
2047 1489 2130 1520 nec

332 1552 495 1611 passim
530 1558 693 1603 erecta,
740 1551 820 1596 sed
860 1551 1066 1596 dimensis
1105 1551 1298 1596 vicorum
1328 1551 1550 1595 ordinibus
1581 1558 1623 1595 et
1661 1551 1756 1596 latis
1786 1551 1951 1596 viarum
1980 1551 2129 1610 spatiis

395 1705 428 1739 3.
453 1708 598 1752 ceterum
619 1705 654 1739 M
679 1722 714 1729 -
747 1703 781 1738 4.
800 1705 939 1745 perinde
963 1706 1011 1737 G:
1039 1705 1180 1746 proinde
1203 1705 1327 1747 (prima
1351 1703 1488 1746 syllaba
1511 1712 1576 1746 per
1598 1703 1862 1747 compendium)
1888 1704 1933 1738 M.
1968 1703 2057 1737 Vide
2080 1703 2127 1737 ad

329 1762 362 1804 3,
380 1762 434 1795 47.
453 1779 490 1785 -
517 1761 549 1794 8.
575 1764 736 1802 temptare
757 1759 989 1794 Puteolanus:
1015 1764 1201 1802 temperare
1224 1761 1257 1794 M
1281 1778 1317 1784 —
1345 1760 1376 1793 9.
1394 1761 1502 1794 hostia
1524 1760 1677 1801 tyberina
1697 1761 1732 1794 M
1751 1778 1787 1784 -
1814 1760 1866 1793 40.
1885 1759 2058 1794 humidum
2072 1760 2124 1800 1⁵¹3

329 1818 396 1853 sed
416 1818 498 1852 vide
521 1817 567 1851 ad
590 1819 622 1858 4,
647 1818 702 1851 68.
731 1836 766 1842 —
792 1817 845 1850 44.
870 1821 982 1864 cetera
1003 1818 1038 1852 M
1063 1835 1099 1841 —
1127 1817 1180 1851 44.
1205 1818 1308 1851 irrita
1329 1818 1363 1851 M
1390 1835 1424 1841 —
1451 1818 1504 1850 45.
1530 1818 1643 1850 domui
1665 1816 1796 1850 delevit
1818 1817 1982 1851 Ritterus.

328 1959 498 1990 noscerent
519 1956 676 1998 repperit.
702 1956 734 1996 6,
761 1955 821 1990 44;
855 1956 947 1988 aucti
968 1955 1071 1997 copiis
1092 1955 1202 1988 socia-

328 2008 413 2041 libus
434 2011 465 2041 et
487 2016 570 2049 quas
593 2008 665 2040 dux
688 2008 856 2040 Romanus
876 2007 1025 2040 misisset.
1058 2007 1111 2047 45,
1137 2007 1199 2039 25:

326 2058 483 2091 scribitur
504 2057 679 2091 tetrarchis
700 2066 741 2090 ac
763 2056 895 2099 regibus
913 2057 1153 2098 praefectisque
1173 2059 1203 2089 et

328 2109 385 2150 qui
408 2111 608 2149 praetorum
635 2107 797 2150 finitimas
817 2107 1009 2148 provincias
1030 2107 1198 2148 repebant.

331 2175 368 2182 —
385 2157 528 2191 Senones
541 2167 571 2191 c.
588 2166 623 2190 u.
641 2157 935 2200 inflammaverint]
961 2166 993 2190 a.
1010 2166 1047 2190 n.
1063 2156 1140 2190 364.
1162 2173 1197 2180 -

332 2227 367 2233 -
393 2217 431 2241 eo
461 2217 564 2249 usque
593 2217 679 2241 cura
703 2208 872 2250 progressi
900 2207 986 2250 sunt]
1022 2208 1119 2240 Inest
1146 2207 1201 2240 his

327 2257 416 2292 levis
448 2257 624 2300 quaedam
656 2258 840 2305 εἰρωνεία.
868 2275 904 2281 -
938 2258 1070 2291 totidem
1097 2266 1203 2290 annos

326 2317 514 2350 mensesque
536 2311 568 2341 et
589 2308 667 2350 dies]
692 2317 849 2350 aequum
873 2316 1063 2341 numerum
1087 2309 1122 2340 et
1142 2317 1203 2341 an-

327 2367 455 2392 norum
479 2361 514 2392 et
537 2359 714 2392 mensium
743 2360 779 2392 et
798 2359 956 2399 dierum,
989 2357 1064 2392 scil.
1091 2367 1202 2393 annos

327 2409 409 2451 448,
436 2418 581 2443 menses
598 2409 678 2450 448,
705 2409 782 2444 dies
796 2409 874 2450 448,
895 2409 1024 2452 quibus
1041 2409 1203 2443 efficiun-

327 2460 384 2492 tur
407 2461 488 2493 anni
505 2459 585 2500 454,
611 2459 835 2493 intervallum
850 2460 1021 2502 temporis
1037 2460 1129 2493 inter
1145 2469 1204 2493 ur-

326 2509 413 2543 bem
430 2518 449 2542 a
462 2509 661 2543 Senonibus
676 2510 934 2543 inflammatam
947 2511 982 2542 et
998 2510 1202 2544 incendium

328 2560 583 2601 Neronianum,
620 2559 868 2593 deficientibus
902 2561 1026 2602 paucis
1061 2560 1199 2593 diebus.

327 2610 552 2652 Ingeniosam
580 2610 674 2643 hanc
704 2611 1035 2652 interpretationem
1060 2609 1204 2653 protulit

329 2662 367 2694 G.
394 2661 430 2694 F.
456 2659 647 2693 Groteiend
669 2661 704 2692 in
726 2661 848 2694 Museo
871 2661 1041 2694 Rhenano
1065 2670 1097 2693 a.
1117 2660 1202 2694 4843

329 2712 380 2754 (N.
406 2712 440 2744 S.
466 2710 534 2744 vol.
561 2710 618 2750 111)
641 2719 676 2752 p.
703 2711 765 2743 ⁴52
789 2720 843 2753 sq.
870 2728 906 2734 -
932 2710 1114 2753 numerent]
1150 2712 1201 2744 De

329 2761 561 2804 scriptoribus
576 2759 742 2802 loquitur,
768 2769 921 2803 quorum
936 2762 1066 2804 scripta
1084 2762 1202 2795 Tacito

329 2812 412 2844 ante
437 2809 557 2844 oculos
582 2812 693 2844 erant.

384 2861 440 2895 42.
475 2870 554 2894 usus
587 2864 635 2893 est
669 2861 808 2902 patriae
840 2861 964 2904 ruinis]
1010 2860 1202 2895 Obscurius

330 2912 476 2946 dictum.
513 2912 564 2944 De
588 2912 701 2953 spatio
724 2909 881 2953 intelligit
904 2911 1074 2951 Pichena;
1107 2911 1203 2953 quod

330 2960 563 3004 sequentibus
597 2961 750 2994 maxime
786 2961 961 2995 convenit.
1000 2961 1203 2995 Videndum

330 3013 468 3052 tamen,
493 3020 538 3044 an
561 3011 669 3044 etiam
691 3010 859 3052 respiciat
881 3011 933 3052 id,
961 3011 1056 3053 quod
1076 3012 1201 3044 Sueto-

331 3064 410 3096 nius
434 3071 466 3095 c.
485 3061 526 3094 38
550 3060 674 3094 tradit:
699 3069 740 3093 ne
762 3070 828 3093 non
850 3061 926 3093 hinc
949 3069 1079 3102 quoque
1096 3070 1202 3101 quan-

331 3116 402 3145 tum
418 3113 528 3153 posset
545 3110 696 3152 praedae
711 3112 741 3142 ct
755 3109 994 3143 manubiarum
1016 3111 1200 3152 invaderet,

325 3162 494 3205 pollicitus
525 3161 730 3194 cadaverum
762 3163 792 3192 et
823 3161 984 3193 ruderum
1015 3161 1202 3203 yraluitam

330 3213 545 3254 oqestionem,
576 3210 700 3244 nemini
728 3209 773 3242 ad
801 3209 961 3250 reliquias
985 3219 1099 3244 rerum
1119 3220 1202 3244 sua-

330 3271 408 3295 rwm
427 3262 522 3295 adire
536 3260 699 3303 permisit.
726 3259 769 3292 Et
786 3258 875 3292 infra
893 3268 925 3292 c.
939 3261 981 3293 52
999 3259 1127 3294 dicitur
1141 3262 1201 3294 do-

332 3321 423 3346 mum
438 3313 551 3354 spoliis
565 3312 688 3345 civium
701 3310 901 3344 extraxisse.
920 3310 1001 3344 Eius.
1018 3329 1054 3335 —
1071 3320 1159 3345 arva
1173 3315 1204 3345 et

331 3362 467 3404 staqna]
499 3361 686 3395 Suetonius
709 3369 741 3394 c.
762 3359 822 3393 34;
853 3363 949 3392 tanta
977 3360 1103 3393 laxitas
1127 3362 1203 3403 (au-

333 3420 416 3445 reae
440 3412 599 3453 domus),
630 3414 669 3444 ut
693 3410 843 3452 porticus
871 3409 1017 3450 triplices
1037 3411 1204 3444 miliarias

331 3461 484 3502 liabent,-
508 3462 586 3495 item
606 3464 763 3503 staqnum
783 3460 889 3494 maris
910 3459 1035 3500 instar,
1059 3461 1201 3495 circum-

1251 1958 1402 1997 saeptum
1431 1955 1590 1997 aedificiis
1618 1955 1665 1988 ad
1692 1954 1825 1988 urbium
1850 1955 2009 1997 speciem,·
2038 1963 2126 1988 rura

1250 2006 1402 2047 insuper,
1428 2005 1520 2038 arvis
1542 2009 1642 2046 atque
1663 2005 1780 2038 vinetis
1797 2008 1829 2038 et
1845 2005 1957 2046 pascis
1970 2005 2126 2046 siluisque

1250 2057 1352 2089 varia
1368 2057 1455 2096 cet.;
1482 2057 1519 2089 et
1536 2055 1700 2089 Martialis
1725 2057 1836 2098 magis
1859 2055 2023 2090 distinete
2046 2053 2124 2089 loca

1251 2107 1328 2149 ipsa
1351 2105 1560 2139 describens
1585 2107 1615 2146 4,
1641 2107 1678 2146 2,
1704 2106 1744 2139 5:
1773 2106 1853 2148 Hic,
1877 2105 1934 2138 ubi
1954 2105 2123 2147 conspicui

1250 2155 1447 2189 venerabilis
1462 2155 1695 2196 amphitheatri
1705 2156 1861 2198 Erigitur
1874 2155 1986 2196 moles,
2003 2159 2127 2198 stagna

1250 2207 1393 2239 Neronis
1414 2209 1522 2239 erant.
1551 2206 1630 2246 Hic,
1654 2206 1711 2238 ubi
1725 2206 1894 2239 miramur
1907 2206 2036 2240 velocia
2048 2215 2127 2239 mu-

1251 2266 1335 2290 nera
1357 2258 1520 2298 thermas,
1544 2256 1733 2289 Abstulerat
1752 2256 1882 2290 miseris
1905 2260 1991 2290 tecta
2011 2265 2127 2298 super-

1252 2306 1310 2339 bus
1331 2315 1424 2348 aqer.
1455 2325 1489 2330 —
1527 2306 1682 2348 illudere]
1717 2305 1916 2349 petulanter
1942 2305 2067 2340 ludere
2089 2307 2126 2340 et

1251 2365 1411 2398 pugnare
1428 2355 1529 2398 quasi
1545 2364 1627 2401 eum
1645 2357 1793 2390 Neronis
1809 2355 1937 2399 opibus
1948 2382 1956 2398 ,
1982 2365 2044 2390 eas
2060 2364 2126 2399 per

1251 2405 1433 2439 lasciviam
1449 2405 1709 2447 profundendo.
1735 2406 1791 2439 Sic
1807 2406 1894 2439 Hist.
1908 2407 1941 2446 2,
1956 2405 2016 2440 94:
2041 2409 2127 2439 tan»-

1252 2465 1356 2497 quam
1373 2456 1410 2488 in
1424 2464 1554 2488 summa
1569 2455 1778 2488 abundantia
1787 2456 1950 2497 pecuniae
1963 2455 2124 2489 inludere.

1255 2524 1291 2529 —
1310 2506 1352 2539 ab
1368 2506 1445 2539 lacu
1458 2505 1586 2538 Averno
1603 2506 1687 2547 cet]
1704 2504 1832 2539 Plinius
1850 2507 1890 2539 N.
1913 2506 1954 2539 H.
1973 2505 2015 2539 44
2030 2505 2050 2548 S
2067 2505 2123 2539 6⁴:

1251 2557 1357 2590 Antea
1372 2556 1519 2590 Caecubo
1542 2560 1616 2589 erat
1637 2557 1842 2599 generositas
1863 2555 2075 2590 celeberrima
2087 2556 2126 2590 in

1248 2607 1453 2649 palustribus
1471 2607 1634 2649 populetis
1647 2608 1723 2640 sinu
1735 2607 1928 2649 Amyclano,
1952 2608 2041 2648 quod
2055 2607 2126 2640 iam

1251 2658 1418 2690 intercidit
1449 2661 1480 2691 et
1513 2658 1648 2690 incuria
1675 2658 1783 2690 coloni
1804 2657 1931 2699 locique
1953 2657 2124 2700 angustia,

1252 2708 1361 2750 maqis
1381 2708 1494 2740 tamen
1522 2707 1614 2749 fossa
1635 2708 1794 2748 Neronis,
1825 2716 1928 2748 quam
1949 2717 1972 2741 a
1993 2707 2126 2740 Baiano

1251 2759 1330 2792 lacu
1360 2759 1486 2791 Ostiam
1513 2767 1616 2800 usque
1645 2758 1869 2801 naviqabilem
1897 2758 2124 2792 inchoaverat.

1253 2810 1439 2843 Suetonius
1463 2818 1494 2842 c.
1521 2809 1579 2842 34;
1603 2809 1728 2851 fossam
1750 2809 1792 2842 ab
1813 2808 1944 2842 Averno
1967 2808 2057 2852 (lacu
2078 2807 2126 2842 ad

1254 2860 1384 2893 Cumas
1407 2860 1442 2892 in
1464 2859 1668 2902 Campania)
1694 2860 1820 2892 Ostiam
1840 2868 1944 2901 usque
1967 2860 2126 2901 (inchoa-
2186 2837 2213 2889 J

1252 2911 1322 2952 bat)
1335 2937 1343 2951 ,
1368 2914 1405 2944 ut
1425 2911 1568 2943 navibus
1587 2920 1647 2944 nec
1670 2913 1782 2944 tamen
1802 2911 1892 2943 mari
1906 2911 2026 2952 iretur,
2050 2910 2126 2944 lort-

1250 2961 1410 3003 9itudinis
1429 2969 1491 3001 per
1512 2964 1643 2994 centum
1663 2960 1842 3003 sexaginta
1861 2960 1976 3002 milia,
2004 2961 2126 2994 latitu-

1251 3011 1355 3051 dinis,
1385 3019 1453 3052 qua
1474 3011 1667 3044 contrariae
1688 3011 1937 3052 quinqueremes
1957 3019 2125 3044 commea-

1249 3065 1334 3095 rent.
1362 3079 1399 3086 -
1424 3062 1589 3102 squalenti
1610 3061 1715 3104 litore]
1737 3061 1775 3095 id
1799 3062 1871 3103 est,
1902 3061 2021 3102 arido,
2045 3062 2123 3096 sine

1251 3111 1439 3144 arboribus
1462 3113 1523 3144 aut
1545 3111 1715 3145 fruticetis
1738 3112 1799 3144 aut
1820 3110 1942 3145 herbis
1957 3112 1994 3144 et
2009 3111 2125 3144 humi.

1251 3162 1378 3204 ditate,
1403 3157 1604 3208 αὐχμηρῷ.
1626 3180 1660 3185 -
1685 3161 1868 3204 qipnendis]
1894 3160 2121 3204 praebendis,
2196 3198 2203 3202 ⁴

1251 3213 1423 3254 quantum
1446 3211 1627 3245 sufficeret
1649 3211 1694 3244 ad
1717 3210 1937 3245 reddendam
1953 3219 2035 3245 eam
2049 3211 2123 3245 tos-
2187 3212 2195 3222 '¹

1251 3270 1330 3295 sam
1352 3260 1599 3303 navigabilem.
2196 3269 2200 3277 ’

1295 3311 1349 3345 43.
1375 3320 1461 3353 quae
1483 3312 1595 3345 domui
1620 3311 1833 3353 supererant]
1863 3311 1973 3353 spatia
1995 3318 2120 3353 vacua,
2192 3343 2194 3346 .

1252 3370 1323 3394 non
1353 3363 1524 3404 occupata
1552 3371 1572 3394 a
1602 3361 1754 3395 Neronis
1781 3360 1900 3401 domo,
1926 3369 2050 3402 areae,
2084 3361 2123 3394 in

1253 3411 1381 3453 quibus
1397 3412 1468 3445 iam
1482 3412 1618 3455 privata
1630 3411 1783 3453 aedificia
1797 3411 1929 3445 exstrui
1945 3411 2119 3453 poterant,

1251 3461 1347 3495 unde
1378 3470 1461 3496 cum
1491 3460 1642 3504 eleganti
1663 3461 1855 3495 variatione
1878 3461 1998 3496 statim
2020 3459 2122 3505 pontt
2187 3486 2198 3491 γ,
