2254 3770
303 311 386 362 230
780 319 825 361 Ρ.
857 316 1110 361 CORNELII
1138 316 1309 361 TACITI
1338 316 1607 362 ANNALIUM

303 424 346 466 in
375 424 610 482 Augustum
639 422 807 481 probra,
840 428 906 465 set
934 421 1066 466 multa
1097 435 1194 466 cum
1222 421 1453 466 acerbitate
1482 421 1661 476 habent3
1692 423 1879 468 carmina
1904 417 2093 468 Bibaculi

303 506 346 543 et
375 498 524 543 Catulli
553 498 707 543 referta
737 496 1003 541 contumeliis
1035 497 1266 541 Caesarum
1302 495 1520 554 leguntur:
1560 497 1637 541 sed
1669 497 1762 555 ipse
1792 497 1917 542 divus
1947 497 2090 550 Iulius,

303 574 395 632 ipse
416 573 540 618 divus
561 575 775 630 Augustus
805 578 847 616 et
874 570 1011 616 tulere
1043 571 1123 615 ista
1152 578 1194 615 et
1221 570 1449 629 reliquere,
1482 570 1597 615 haud
1627 571 1747 616 facile
1778 572 1970 623 dixerim,
2002 587 2093 617 mo-

303 648 522 693 deratione
558 647 694 705 magis
733 661 788 690 an
828 641 1048 704 sapientia.
1099 659 1285 704 namque
1325 652 1469 704 spreta
1509 645 1775 694 exolescunt:
1819 647 1854 691 si
1891 647 2090 698 irascare,

271 723 471 782 &adgnita
500 722 709 767 videntur.
755 722 836 779 (35)
867 735 952 765 non
982 721 1139 779 attingo
1171 720 1378 771 GraecOS,
1420 731 1603 779 quorum
1633 736 1716 765 non
1747 721 1875 766 modo
1903 722 2089 774 libertas,

300 805 361 842 set
390 798 516 842 etiam
545 797 678 841 libido
707 796 935 855 impunita3
967 803 1039 840 aut
1068 796 1103 840 si
1134 796 1231 854 quis
1263 795 1454 845 advertit,
1486 796 1610 840 dictis
1630 796 1742 841 dicta
1762 796 1874 841 ultus
1895 805 1971 842 est.
2013 797 2091 842 sed

302 873 486 918 maxime
516 872 700 916 solutum
722 877 764 916 et
793 872 885 916 sine
906 871 1191 916 obtrectatore
1222 871 1296 913 suit
1324 870 1510 929 prodere
1533 871 1588 915 de
1619 872 1682 922 iis,
1714 885 1825 930 quos
1854 885 1970 916 mors
1990 872 2091 917 odio

303 955 374 992 aut
403 948 564 1006 gratiae
585 947 825 992 exemisset.
871 961 972 990 num
992 947 1104 990 enim
1136 946 1307 990 armatis
1330 946 1477 990 Cassio
1508 953 1550 990 et
1570 947 1697 990 Bruto
1727 960 1777 991 ac
1796 946 2092 1006 Philippenses

303 1037 478 1082 campos
509 1022 798 1081 optinentibus
835 1021 935 1066 belli
965 1021 1100 1066 civilis
1131 1035 1261 1066 causa
1288 1020 1494 1079 populum
1525 1035 1604 1079 per
1631 1022 1851 1066 contiones
1881 1021 2093 1067 incendo?

254 1110 290 1145 ιο
304 1112 358 1142 an
388 1097 445 1142 illi
475 1097 651 1156 quidem
681 1097 1045 1156 septuagesimum
1075 1102 1171 1141 ante
1201 1110 1359 1141 annum
1389 1097 1615 1154 perempti.
1654 1111 1741 1155 quo
1781 1097 1907 1141 modo
1944 1098 2093 1156 imagi-⁴-

303 1174 429 1218 nibus
450 1173 539 1218 suis
569 1179 814 1223 noscuntur,
846 1186 954 1231 quas
984 1186 1038 1216 ne
1057 1172 1193 1216 victor
1213 1171 1389 1229 quidem
1418 1170 1612 1223 abolevit,
1645 1172 1708 1216 sic
1736 1178 1899 1230 partem
1930 1186 2093 1217 memo-

303 1250 394 1294 riae
430 1248 544 1307 apud
582 1249 811 1306 scriptores
848 1247 1060 1292 retinent?
1099 1261 1226 1290 suum
1255 1246 1413 1303 cuique
1443 1245 1577 1291 decus
1614 1247 1840 1304 posteritas
1869 1247 2089 1305 rependit;

369 1369 402 1403 3.
425 1370 611 1411 relinquere
633 1377 686 1411 pr.
712 1368 757 1401 M.
786 1367 873 1400 Vide
898 1367 943 1400 ad
966 1368 1004 1408 2,
1029 1368 1061 1401 2.
1091 1384 1126 1391 -
1159 1366 1192 1400 4.
1217 1369 1329 1412 spreta
1352 1367 1384 1400 Μ
1411 1381 1447 1390 -
1473 1366 1679 1400 eaesolescunt
1707 1367 1740 1401 M
1765 1384 1801 1390 —
1835 1366 1867 1400 ὅ.
1892 1366 2026 1400 libertas
2046 1370 2095 1401 set

302 1427 403 1460 etiam
425 1424 591 1469 Spengel:
625 1425 758 1458 libertas
779 1425 880 1457 eliam
903 1425 936 1457 M
962 1441 998 1448 -
1024 1424 1056 1457 8.
1074 1425 1162 1457 enim
1185 1421 1360 1456 Halmius:
1386 1431 1460 1459 eam
1482 1424 1532 1461 M;
1557 1432 1632 1456 cum
1654 1432 1789 1465 margo.
1818 1440 1854 1447 —
1873 1423 2093 1465 philipensen's

303 1492 357 1527 pr.
382 1484 434 1523 M3
463 1483 658 1524 philipenses
680 1490 771 1514 corr.
796 1482 829 1515 M
857 1499 891 1505 -
924 1481 978 1514 40.
999 1481 1139 1522 peremti
1169 1489 1221 1522 pr.
1247 1481 1279 1514 M
1308 1497 1344 1503 —-
1378 1480 1431 1512 44.
1457 1489 1497 1513 ne
1524 1481 1548 1512 1.
1575 1481 1629 1513 Fr.
1655 1479 1873 1513 Gronovius:
1903 1488 1963 1513 nec
1984 1480 2018 1514 M
2051 1497 2087 1504 —

304 1539 451 1573 adoleuit
476 1548 529 1582 pr.
555 1539 589 1573 M
614 1556 651 1562 -
678 1538 731 1572 42.
754 1538 903 1579 rependit
926 1546 1017 1571 corr.
1042 1539 1075 1571 M
1099 1538 1136 1570 et
1157 1545 1299 1579 margo:
1322 1537 1505 1577 rependant
1526 1544 1580 1579 pr.
1605 1536 1650 1570 M.

1223 1658 1396 1691 generose
1421 1650 1639 1682 conservata.
1671 1649 1735 1682 Dio
1758 1648 1812 1688 53,
1837 1647 1898 1681 32:
1923 1644 2091 1681 Λούκιον

1222 1696 1307 1732 ἀνθ’
1332 1698 1470 1733 ἑαυτοῦ
1494 1696 1661 1742 Σήστιον
1683 1696 1880 1733 &vestano
1904 1699 2092 1741 (Augustus

303 1652 529 1686 Anticatones
557 1652 757 1685 memorant
785 1650 973 1684 Suetonius
1004 1651 1105 1683 Caes.
1131 1650 1172 1682 56

304 1704 340 1736 et
362 1701 536 1736 luvenalis
559 1702 590 1742 6,
609 1702 684 1735 337.
704 1719 740 1725 -
766 1701 901 1734 Antonii
924 1701 1093 1742 epistulae]
1119 1699 1169 1733 Cf.

303 1754 447 1787 Sueton.
473 1754 560 1794 Aug.
586 1752 618 1785 7.
639 1751 692 1785 46.
711 1746 764 1785 63.
783 1752 837 1785 69.
859 1769 895 1775 -
920 1750 1087 1793 Bibaculi]
1113 1750 1174 1783 Est

303 1804 426 1837 Furius
459 1801 647 1836 Bibaculus
678 1801 838 1844 turgidus
871 1803 996 1844 poeta,
1030 1801 1173 1834 histori—

305 1862 367 1887 cus
399 1854 435 1886 et
464 1852 732 1894 grammaticus,
764 1851 809 1884 de
833 1860 905 1893 quo
928 1851 1008 1884 vide
1040 1850 1085 1883 ad
1107 1851 1173 1883 Ho-

302 1904 367 1936 rat.
394 1903 464 1936 Sat.
492 1904 524 1942 l,
551 1902 610 1941 40,
636 1901 678 1934 36
701 1902 737 1934 et
758 1902 795 1941 2,
821 1903 858 1942 5,
884 1901 937 1934 4⁴.
972 1900 1110 1940 Quintil.
1137 1901 1169 1940 8,

304 1954 336 1993 6,
362 1953 414 1986 47.
443 1970 479 1976 -
512 1951 650 1993 Catulli]
680 1950 788 1984 veluti
812 1952 929 1984 Carm.
955 1951 1010 1984 29.
1034 1949 1088 1983 54.
1115 1951 1169 1983 57.

302 2003 356 2037 93.
386 2020 421 2027 —
446 2003 543 2035 divus
563 2001 679 2044 Iulius]
711 2001 855 2034 Sueton.
882 2001 982 2034 Caes.
1009 2000 1063 2033 73.
1090 1999 1171 2033 Plu-

302 2053 414 2086 tarch.
442 2053 514 2085 Cic.
540 2051 595 2085 49.
1073 2092 1078 2094 ἡ

346 2102 400 2135 35.
424 2111 568 2135 nunt--
584 2100 640 2143 an]
667 2101 731 2140 Qui
747 2101 955 2143 interrogat:
981 2103 1094 2133 utrum
1111 2126 1118 2134 .
1135 2101 1171 2133 ,Ρ

301 2162 347 2185 an
373 2177 381 2185 .
399 2177 407 2185 .
421 2151 439 2185 P
462 2152 662 2194 exspectat,
686 2152 726 2183 ut
749 2151 983 2193 interrogatus
1007 2150 1171 2183 adfirmet

301 2211 413 2236 unum
446 2204 506 2235 aut
539 2201 710 2242 alterum,
755 2210 870 2243 neque
905 2201 981 2243 ipse
1019 2201 1169 2239 iudicat,

301 2254 421 2286 utrum
438 2252 482 2285 sit
497 2259 635 2285 verum.
659 2252 702 2284 At
719 2251 779 2293 qui
795 2251 1003 2292 interrogat:
1022 2260 1123 2283 num.
1138 2250 1172 2284 .?

302 2312 348 2335 an
366 2329 372 2336 .
391 2302 427 2335 .?
450 2303 478 2335 is
494 2300 743 2343 interrogando
761 2302 866 2342 negat
881 2301 990 2343 prius,
1009 2301 1173 2333 adfirmat

302 2351 488 2386 alterum.»
518 2351 652 2384 Eadem
675 2351 780 2383 huius
800 2349 865 2383 loci
888 2351 976 2383 ratio
994 2352 1059 2383 est.
1084 2352 1173 2383 Num

304 2428 312 2437 .
326 2427 333 2435 .
345 2425 355 2435 .
370 2401 535 2435 incendo?
558 2401 647 2433 Non.
671 2400 722 2433 An
740 2427 747 2433 .
760 2426 767 2433 .
782 2426 789 2433 .
807 2400 975 2433 retinent?
996 2401 1170 2433 Retinent.

302 2453 358 2485 Sic
382 2452 453 2484 Cic.
479 2451 524 2484 de
549 2452 629 2492 Leg.
655 2450 688 2490 2,
714 2451 752 2483 2;
782 2451 945 2491 numquid
967 2451 1052 2483 duas
1073 2451 1174 2483 habe-

301 2503 344 2535 lis
367 2500 530 2543 patrias?
562 2509 607 2533 an
634 2503 680 2533 est
706 2509 777 2532 una
806 2500 866 2532 illa
885 2501 1002 2541 patria
1024 2509 1173 2533 commu-

301 2552 381 2584 nis?
411 2552 554 2584 WALru.
592 2549 643 2582 Cf.
668 2550 806 2591 Madvig
830 2550 959 2592 Opusc.
986 2550 1085 2584 acad.
1112 2549 1168 2583 alt.

301 2610 336 2644 p.
371 2601 435 2634 230
469 2609 550 2642 sqq.
583 2617 619 2623 —
649 2600 941 2643 septuagesimum]
972 2600 1171 2633 Rotundum

303 2659 492 2684 numerum
529 2650 667 2692 posuit,
706 2658 777 2682 non
814 2659 958 2691 verum,
998 2651 1058 2692 qui
1097 2653 1172 2682 erat

302 2701 415 2734 LXVI.
451 2701 541 2734 Nam
566 2699 699 2732 bellum
729 2698 950 2742 Philippense
975 2709 1007 2733 a.
1032 2709 1066 2732 u.
1093 2700 1167 2738 742,

302 2753 338 2784 at
361 2759 455 2783 nunc
470 2750 545 2783 778.
572 2750 657 2782 Lips.
678 2767 713 2772 —
738 2749 941 2792 imayinibus
962 2750 1041 2792 suis]
1067 2751 1171 2782 Prae-

301 2802 357 2834 ter
380 2800 532 2842 effigiem
552 2808 792 2832 marmoream
809 2800 973 2840 (Visconti
988 2801 1172 2842 Iconoyra-

300 2852 348 2893 tta
378 2852 528 2883 Romana
549 2850 575 2882 Ι.
601 2857 636 2891 p.
664 2849 742 2890 499)
774 2851 939 2891 superest
969 2850 1170 2883 etiamnunc

303 2908 469 2934 nummus
493 2899 691 2941 descriptus
715 2907 734 2930 a
757 2899 867 2932 Dione
889 2899 944 2940 47,
961 2900 1021 2932 25:
1048 2898 1170 2946 Βροῦ-

302 2961 368 2992 τος
396 2950 435 2992 ἐς
462 2946 509 2982 τὰ
540 2949 762 2991 νομίσματα
785 2945 810 2981 ἃ
833 2945 1016 2982 ἐκόπτετο
1039 2947 1170 2982 εἰκόνα

302 3011 342 3034 τε
364 2997 484 3034 αὑτοῦ
518 2999 584 3032 καὶ
615 2998 739 3032 πιλίον
762 2996 910 3042 ξιφίδιά
934 3009 973 3032 τε
995 2998 1066 3032 δύο
1090 2999 1170 3032 ἐνε-

302 3049 445 3091 τύπου,
476 3047 600 3093 δηλῶν
623 3045 666 3082 ἔκ
688 3059 729 3081 τε
751 3048 897 3082 τούτων
919 3051 985 3082 καὶ
1007 3047 1070 3083 διὰ
1092 3048 1170 3082 τῶν

302 3099 558 3148 γραμμάτιον,
594 3095 655 3132 ὅτι
686 3096 757 3142 τὴν
792 3099 952 3146 πατρίδα
980 3099 1077 3143 μετὰ
1099 3099 1168 3134 τοῦ

303 3151 478 3185 Κασσίου
502 3146 770 3196 ἠλευθερωκώς
794 3148 864 3193 εἴη.
890 3151 1071 3192 Inscriptio
1094 3151 1169 3183 eius

304 3203 394 3236 haec
417 3203 487 3236 est:
512 3201 676 3235 BRVTVS
696 3201 782 3233 IMP.
800 3201 838 3233 L.
855 3201 1080 3234 PLAE'Torius
1103 3201 1171 3235 CE-

304 3253 470 3291 STianus3
496 3252 530 3284 in
547 3252 646 3294 parte
662 3258 802 3283 aversa:
828 3250 915 3283 EID.
933 3251 1076 3290 MART„
1095 3252 1170 3293 qui-

304 3301 372 3335 bus
390 3303 579 3335 Caesarem
594 3299 828 3334 interfecerat.
850 3317 885 3323 —
903 3308 988 3340 quas
1008 3310 1048 3332 ne
1063 3302 1171 3333 victor

306 3352 435 3392 quidem
458 3351 611 3393 abolevit]
644 3349 695 3383 Cf.
719 3347 849 3382 bellam
872 3349 1168 3382 narratiunculam

304 3399 478 3434 Plutarchi
500 3402 680 3443 (Compar.
705 3399 824 3433 Dionis
847 3407 928 3431 cum
946 3400 1052 3432 Bruto
1067 3400 1098 3440 5)
1123 3400 1167 3433 de

305 3450 401 3485 Bruti
424 3451 537 3484 statua
559 3449 743 3484 Mediolani
765 3449 879 3493 posita
902 3448 938 3482 et
953 3447 998 3481 ab
1014 3450 1168 3490 Augusto

1224 1759 1256 1783 a.
1282 1759 1318 1782 u.
1344 1750 1438 1791 734),
1473 1745 1534 1783 ἀεὶ
1556 1759 1595 1782 τε
1616 1749 1668 1794 τῷ
1690 1748 1847 1797 Βρούτῳ
1870 1746 2092 1783 συσπουδά-

1223 1810 1346 1833 σαντα
1369 1800 1435 1833 καὶ
1457 1799 1498 1833 ἐν
1518 1799 1613 1834 πᾶσι
1627 1803 1710 1843 τοῖς
1725 1799 1908 1844 πολέμοις
1923 1810 2091 1847 συστρα-

1222 1847 1430 1891 τεύσαντα,
1466 1851 1531 1883 καὶ
1559 1846 1618 1884 οἑτι
1646 1852 1711 1885 καὶ
1739 1848 1827 1885 τότε
1852 1852 1918 1884 καὶ
1938 1861 2092 1895 μνημο-

1222 1899 1382 1935 νεύοντα
1416 1897 1536 1936 αὐτοῦ
1571 1902 1635 1935 καὶ
1671 1900 1822 1944 εἰκόνας
1855 1898 1997 1942 ’ἔχοντα
2024 1903 2090 1936 καὶ

1221 1950 1402 1993 ἐπαίνους
1425 1951 1670 1996 ποιούμενον.
1702 1952 1753 1986 Cf.
1771 1962 1877 1996 supra
1894 1953 1926 1994 3,
1944 1953 1998 1987 76.
2022 1954 2092 1996 Ap-

1221 2003 1315 2044 pian.
1347 2003 1383 2036 B.
1416 2003 1454 2036 C.
1487 2002 1525 2043 4,
1556 2004 1611 2036 54.
1645 2021 1681 2027 -
1712 2004 1891 2044 posteritas
1922 2003 2089 2046 rependit]

1222 2052 1274 2085 Ad
1305 2052 1567 2086 defendendam
1597 2053 1729 2086 codicis
1760 2052 1949 2087 lectionem
1971 2062 2090 2095 repen-

1221 2103 1320 2142 dunt,
1356 2104 1470 2136 ortam
1504 2102 1598 2136 illam
1626 2112 1668 2135 ex
1697 2102 1922 2145 adaptatione
1956 2103 2002 2136 ad
2029 2112 2090 2137 se-

1222 2160 1336 2193 quens
1358 2152 1510 2185 verbum
1534 2153 1685 2193 deerunt,
1711 2151 1872 2195 exempla
1892 2152 2091 2186 collectivu-

1221 2210 1302 2234 rum
1326 2210 1408 2235 cum
1432 2201 1554 2244 plurali
1575 2203 1664 2235 haec
1680 2201 1818 2244 collegit
1833 2203 1982 2235 Baebius
1998 2203 2029 2242 4,
2047 2201 2087 2236 4ε

1218 2260 1301 2291 pars
1315 2271 1336 2278 -
1351 2251 1556 2293 differebant.
1582 2252 1614 2292 3,
1631 2253 1667 2284 24
1683 2261 1690 2283 :
1717 2255 1755 2284 ut
1775 2252 1938 2284 vexillum
1957 2255 2090 2285 velera-

1220 2310 1342 2334 norum
1372 2301 1594 2342 Tacfarinatis
1625 2303 1739 2343 copias
1768 2302 1927 2343 fuderint.
1964 2301 2001 2341 3,
2027 2302 2087 2336 38:

1215 2361 1300 2393 pars
1322 2352 1459 2384 turbant
1478 2353 1681 2392 praesentia.
1705 2353 1739 2392 5,
1764 2352 1824 2384 ⁴3:
1847 2353 1965 2394 volgus
1985 2353 2090 2386 inter-

1218 2403 1351 2442 pretati.
1379 2402 1438 2442 42,
1463 2401 1524 2434 33:
1545 2402 1691 2442 populus
1705 2419 1723 2425 -
1739 2402 1853 2435 tulere.
1879 2403 1965 2435 Hist.
1982 2403 2015 2442 2,
2033 2401 2087 2435 92.

1222 2454 1303 2492 Agr.
1328 2452 1382 2484 27.
1419 2470 1452 2475 -
1488 2451 1702 2493 abstinentia]
1737 2452 1873 2487 Seneca
1907 2452 2011 2486 Cous.
2043 2451 2090 2486 ad

1223 2502 1330 2534 Marc.
1356 2502 1415 2542 22,
1441 2501 1479 2534 6:
1519 2503 1606 2543 Quid
1625 2503 1776 2544 faceret?
1801 2503 1828 2534 si
1849 2503 1960 2535 vivere
1981 2502 2089 2542 vellet,

1222 2552 1362 2584 Seianus
1375 2553 1547 2593 rogandus
1561 2555 1652 2592 erat,
1676 2554 1703 2585 si
1718 2553 1821 2593 mori,
1844 2552 1935 2594 filia,
1951 2555 2091 2594 uterque

1220 2601 1460 2635 inexorabilis:
1500 2602 1669 2635 constituit
1698 2602 1807 2644 filiam
1837 2601 1965 2643 fallere.
2009 2603 2090 2635 Usus

1220 2653 1335 2692 itaque
1364 2651 1491 2684 balineo
1522 2655 1569 2692 et,
1602 2661 1665 2692 quo
1688 2651 1768 2692 plus
1788 2652 1916 2684 virium
1938 2655 2086 2692 poneret,

1219 2703 1256 2734 in
1289 2700 1476 2734 cubiculum
1502 2710 1536 2734 se
1561 2702 1657 2742 quasi
1679 2703 1875 2743 gustaturus
1896 2701 2036 2734 contulit
2057 2704 2090 2734 et

1221 2751 1361 2783 dimissis
1389 2752 1504 2791 pueris
1537 2751 1702 2791 quaedam
1725 2759 1788 2791 per
1819 2750 2015 2791 fenestram,
2050 2755 2088 2783 ut

1218 2801 1387 2833 videretur
1401 2801 1516 2840 edisse,
1528 2801 1671 2841 proiecit
1678 2808 1690 2838 ‚·
1711 2809 1734 2832 a
1748 2808 1831 2831 cena
1846 2799 1971 2840 deinde,
1991 2801 2087 2841 quasi

1219 2851 1288 2882 iam
1310 2851 1392 2882 satis
1407 2850 1442 2881 in
1457 2849 1604 2882 cubiculo
1619 2850 1752 2888 edisset,
1778 2848 1948 2882 abstinuit.
1976 2850 2087 2883 Altero

1219 2908 1349 2941 quoque
1371 2900 1422 2931 die
1443 2902 1473 2931 et
1496 2900 1591 2932 lertio
1613 2899 1698 2931 idem
1717 2899 1806 2940 fecit.
1842 2899 1989 2939 Quartus
2010 2901 2084 2939 ipsa

1218 2950 1411 2992 infimitate
1438 2949 1588 2990 corporis
1612 2948 1757 2991 faciebat
1784 2949 1955 2981 indicium.
1988 2950 2087 2983 Com-

1213 3001 1335 3041 plexus
1355 3001 1469 3040 itaque
1491 3002 1522 3032 te
1545 3012 1561 3029 «ι
1575 2999 1780 3032 carissima»
1803 2999 1915 3039 inquit
1938 2999 2034 3042 ,Μία
2055 3004 2088 3033 et

1218 3051 1279 3082 hoc
1307 3058 1410 3081 unum
1440 3051 1511 3081 tota
1539 3049 1648 3081 celata
1675 3050 1764 3088 vita,
1795 3048 1858 3081 iter
1885 3050 2003 3082 mortis
2030 3051 2086 3082 in-

1218 3108 1348 3142 qressus
1370 3107 1442 3131 sum
1463 3101 1494 3131 et
1515 3098 1585 3130 iam
1605 3098 1750 3131 medium
1769 3098 1839 3139 sere
1858 3100 1959 3131 teneo.
1985 3099 2087 3132 Revo-

1219 3159 1296 3182 care
1317 3158 1369 3182 me
1391 3157 1450 3181 nec
1464 3147 1556 3181 debes
1577 3157 1636 3181 nec
1656 3152 1781 3189 potes.»
1803 3147 1910 3190 Atque
1925 3149 1975 3181 ita
1989 3149 2087 3183 iussit

1218 3200 1328 3232 lumen
1358 3207 1452 3231 omne
1479 3198 1652 3239 praecludi
1681 3201 1713 3231 et
1733 3192 1767 3231 ἑο·
1787 3198 1822 3230 in
1845 3197 1983 3230 tenebris
2004 3207 2086 3232 con-

1219 3250 1311 3282 didit.
1354 3249 1489 3291 Coqnito
1516 3248 1651 3281 consilio
1679 3249 1749 3281 eius
1775 3247 1909 3289 publica
1931 3249 2086 3290 voluptas

1219 3303 1308 3339 erat,
1333 3299 1421 3340 quod
1442 3307 1459 3331 e
1479 3297 1631 3339 faucibus
1651 3298 1916 3331 avidissimorum
1930 3298 2084 3339 luporum

1218 3350 1410 3382 educeretur
1436 3349 1577 3390 praeda.
1623 3348 1837 3381 Accusatores
1864 3347 1985 3380 Seiano
2016 3358 2083 3381 au-

1218 3403 1308 3432 ctore
1330 3400 1452 3432 adeunt
1472 3399 1643 3432 consulum
1664 3398 1865 3438 tribunalia,
1895 3402 2083 3439 queruntur

1217 3450 1303 3482 mori
1331 3449 1491 3490 Cordum,
1523 3452 1559 3482 ut
1586 3448 1829 3490 interpellantes
1849 3448 1936 3491 quod
1964 3449 2081 3495 coe‘qe-
