2254 3770
815 289 978 334 LIBER
1006 289 1070 334 vl.
1114 289 1217 347 Cap.
1246 288 1314 333 28.
1343 288 1413 333 29.
1916 285 1992 331 29⁴

225 398 299 443 vit.
343 396 536 442 confecto
569 397 732 455 quippe
766 409 977 440 annorum
1013 409 1210 448 numero,
1249 396 1323 440 ubi
1359 410 1476 441 mors
1512 396 1789 455 propinquet,
1827 395 1918 439 suis
1956 395 1999 438 in

223 472 347 518 terris
374 479 542 516 struere
571 471 721 516 nidum
747 471 875 529 eique
904 471 991 517 vim
1017 470 1245 528 genitalem
1271 471 1520 523 adfundere,
1550 486 1605 516 ex
1623 485 1709 530 qua
1727 471 1859 516 fetum
1878 471 1998 523 oriri;

220 554 265 593 et
291 548 472 606 primam
501 546 646 591 adulto
665 560 813 590 curam
834 545 1071 604 sepeliendi
1100 546 1244 604 patris.
1277 561 1418 605 neque
1446 547 1489 591 id
1519 553 1694 599 temere,
1725 546 1801 592 sed
1831 545 1999 590 sublato

219 635 388 666 murrae
416 621 610 680 pondere
639 627 929 680 temptatoque
958 635 1037 679 per
1064 620 1236 679 longum
1265 621 1357 672 iter,
1388 622 1462 666 ubi
1483 635 1563 681 par
1581 622 1714 674 oneri,
1744 635 1823 680 par
1841 620 1998 665 meatui

216 698 283 747 sit.
313 697 459 742 subire
487 697 672 755 patrium
691 711 849 755 corpus
878 697 1008 754 inque
1028 695 1140 741 Solis
1161 710 1280 740 aram
1298 697 1488 755 perferre
1510 704 1638 756 atque
1659 696 1851 742 adolere.¹
1893 696 2030 742 baecs

218 773 376 817 incerta
406 780 449 817 et
475 772 679 817 fabulosis
707 779 856 817 aucta:
886 778 1077 817 ceterum
1104 772 1239 829 aspici
1267 771 1498 830 aliquando
1527 773 1570 817 in
1593 775 1788 832 Aegypto
1809 786 1905 817 eam
1923 785 2000 815 vo·

216 847 377 893 luerem
406 862 492 893 non
521 848 760 906 ambigitur.

331 924 413 981 (29)
443 927 494 968 At
521 925 681 968 Romae
711 923 846 968 caede
873 923 1074 968 continua
1109 922 1370 982 Pomponius
1406 923 1571 975 Labeo,
1603 937 1735 982 quem
1763 922 2000 982 praesuisse

215 1000 404 1044 Moesiae
434 998 587 1049 rettuli,
618 1013 698 1056 per
727 999 929 1056 abruptas
958 1012 1090 1044 venas
1118 999 1370 1057 sanguinem
1398 998 1567 1052 efludit;
1607 998 1905 1057 aemulataque
1934 1004 2001 1042 est

217 1075 403 1119 coniunx
430 1076 611 1119 Paxaea.
655 1088 754 1120 nam
783 1081 1003 1132 promptas
1031 1074 1127 1119 eius
1148 1074 1263 1119 modi
1293 1081 1453 1118 mortes
1474 1080 1612 1119 metus
1631 1075 1844 1119 carnificis
1872 1074 2050 1123 facie-⁴0

218 1150 300 1199 bat.
331 1157 374 1194 et
393 1150 496 1208 quia
514 1149 701 1193 damnati
730 1149 957 1208 publicatis
986 1149 1110 1194 bonis
1130 1149 1350 1208 sepultura
1376 1149 1725 1208 prohibebantur,
1754 1164 1908 1195 eorum
1925 1149 2000 1208 qui

215 1225 271 1270 de
291 1239 339 1270 se
358 1225 601 1269 statuebant
619 1224 906 1269 humabantur
924 1239 1118 1283 corpora,
1149 1225 1379 1270 manebant
1397 1232 1660 1277 testamenta,
1680 1226 1865 1283 pretium
1885 1225 2000 1271 sesti»

215 1300 357 1345 nandi.
393 1300 472 1345 sed
491 1301 653 1345 Caesar
672 1301 814 1344 missis
834 1300 888 1344 ad
909 1306 1104 1344 senatum
1131 1299 1282 1345 litteris
1301 1300 1507 1345 disseruit
1533 1315 1697 1346 morem
1717 1301 1849 1346 fuisse
1868 1301 2001 1345 maio-

215 1375 347 1428 ribus,
377 1377 575 1434 quotiens
595 1376 846 1421 dirimerent
873 1376 1092 1427 amicitias,
1121 1376 1378 1422 interdicere
1397 1376 1527 1421 domo
1546 1390 1734 1435 eumque
1753 1377 1880 1422 finem
1903 1388 2007 1436 gra-⁴

215 1452 300 1496 tiae
340 1465 522 1509 ponere:
568 1451 611 1496 id
654 1466 704 1496 se
748 1452 1002 1509 repetivisse
1045 1452 1089 1495 in
1132 1452 1352 1503 Labeone,
1397 1458 1527 1511 atque
1566 1452 1701 1504 illum,
1742 1453 1847 1511 quia
1888 1452 1999 1499 male
2012 1459 2049 1491 ⁴⁵

214 1527 532 1572 administratae
561 1528 807 1585 provinciae
837 1526 1104 1585 aliorumque
1134 1527 1369 1574 criminum.
1386 1526 1664 1585 arguebatur,
1693 1527 1864 1586 culpam
1893 1528 2000 1572 invi-

213 1602 283 1647 dia
303 1603 526 1653 velavisse,
548 1602 701 1646 frustra
723 1603 950 1647 conterrita
970 1617 1118 1656 uxore,
1140 1617 1271 1661 quam
1291 1603 1370 1647 etsi
1390 1610 1628 1653 nocentem,
1657 1603 1837 1662 periculi
1857 1610 2000 1648 tamen

213 1685 436 1736 expertem
462 1677 607 1722 fuisse.
639 1679 878 1723 Mamercus
897 1678 998 1724 dein
1028 1679 1216 1723 Scaurus
1245 1692 1416 1722 rursum
1433 1678 1695 1736 postulatur,
1727 1679 1903 1737 insignis
1923 1694 2000 1724 no-

213 1753 374 1799 bilitate
393 1760 437 1798 et
453 1753 628 1798 orandis
648 1754 803 1806 causis,
834 1755 920 1798 vita
948 1753 1197 1814 probrosus.
1243 1753 1345 1798 nihil
1375 1753 1489 1799 hunc
1518 1754 1701 1799 amicitia
1728 1754 1890 1807 Seiani,
1920 1755 2000 1801 sed

279 1863 311 1896 4.
337 1871 504 1896 annom
523 1871 551 1895 ιι
572 1861 686 1905 (mille)
708 1871 847 1896 numero
869 1863 1044 1897 Heinsius.
1069 1880 1108 1888 -
1133 1863 1167 1897 9.
1190 1863 1308 1896 metult·
1331 1863 1366 1896 M
1388 1879 1424 1886 —
1451 1862 1504 1896 43.
1530 1863 1669 1896 ‹tt-soma
1688 1863 1723 1897 Μ
1742 1881 1788 1888 -
1811 1863 1865 1897 46.
1889 1863 2000 1896 advnt-

212 1918 357 1952 mmm.
378 1919 571 1960 prouinciae
594 1919 630 1953 Μ
658 1935 694 1943 -
724 1919 932 1961 armabatur
957 1920 1160 1954 Ernestius:
1196 1919 1381 1962 “ruebatur
1401 1920 1454 1959 M;
1489 1920 1574 1954 mole
1594 1919 1777 1962 urgebatur
1800 1918 1890 1962 (coll.
1913 1921 2000 1954 Am-

212 1975 337 2008 miano⁴
352 1973 554 2009 Marcellino
575 1975 637 2016 22,
661 1976 716 2017 44,
739 1975 775 2017 2)
795 1977 961 2010 Ritterus.
986 1976 1038 2010 Cf.
1063 1976 1244 2010 Heraeum
1265 1984 1302 2019 p.
1325 1976 1382 2010 88.

212 2075 467 2118 quinquaqinta]
490 2076 633 2118 proprie
656 2075 800 2110 ducenti
821 2077 959 2119 triginta
975 2077 1081 2120 quin·
1128 2077 1194 2109 καὶ
1214 2074 1284 2110 νῦν
1305 2073 1549 2117 φυλάττεται.
1572 2076 1704 2118 Digest.
1728 2076 1790 2118 28,
1815 2078 1846 2119 4,
1863 2077 1901 2111 8:
1926 2077 1998 2112 Ga-

213 2134 295 2167 que.
335 2143 371 2149 —
406 2125 592 2168 armorum]
631 2135 778 2160 suorum
816 2128 891 2161 sive
924 2128 965 2161 D.
1002 2128 1078 2161 sive
1129 2128 1208 2160 ius:
1231 2127 1269 2160 Si
1290 2129 1345 2160 cui
1367 2135 1460 2168 aqua
1482 2129 1513 2160 ct
1533 2126 1605 2168 igni
1626 2127 1838 2160 interdictum
1850 2127 1905 2169 sit,
1928 2131 2000 2163 eius

0 2431 3 2438 -
0 2137 13 2402 2‡<--vwv.-u.y—-⁴
0 2085 3 2105 „-

211 2175 257 2209 M.
262 2175 388 2210 CCCC.
392 2176 477 2210 LXI.
502 2193 539 2199 -
574 2177 644 2209 suis
670 2178 708 2210 in
728 2177 845 2220 terris]
879 2178 914 2211 in
935 2177 1077 2218 Arabia,

212 2234 391 2268 nusquam
405 2225 557 2259 alibi.-
577 2226 688 2260 subire
706 2228 857 2268 patn‘um
868 2228 1000 2271 corpus]
1025 2228 1076 2262 Cf

211 2275 340 2318 Vergil.
364 2278 453 2310 Aen.
478 2276 519 2317 4,
541 2277 625 2310 599:
658 2286 754 2318 quam
779 2278 914 2312 subiisse
936 2279 1080 2312 humor-is

213 2326 395 2367 confectam
416 2329 526 2360 astato
542 2330 729 2368 parentem.
754 2329 874 2361 Horat.
899 2329 970 2361 Sat
995 2329 1027 2368 4,
1045 2329 1078 2370 9,

211 2375 271 2408 24·
263 2399 271 2408 .
306 2385 383 2408 cum
408 2377 550 2417 armus
570 2377 668 2411 dorae
689 2377 788 2411 subiit
807 2387 904 2411 onus.
926 2379 1080 2412 Artemi-

212 2423 320 2459 dorus
343 2422 460 2459 Oneir.
483 2425 520 2466 4,
541 2425 584 2460 ta
606 2426 691 2465 dicit
711 2436 814 2468 eum,
846 2428 908 2470 qui
929 2428 1080 2470 phoeni·

213 2482 294 2508 cem
321 2483 344 2508 a
373 2483 414 2508 se
442 2476 539 2518 pingi
559 2476 758 2517 somniarit,
790 2486 834 2510 eo
862 2477 1078 2520 paupertatis

212 2526 419 2566 venturum,
443 2526 483 2559 ut
504 2526 660 2568 parentia
675 2526 829 2560 cadaver
843 2535 943 2561 more
963 2527 1078 2570 phoe-

211 2575 300 2608 nicis
322 2575 395 2608 suis
417 2574 575 2609 humeris
597 2574 726 2610 efferre
741 2577 899 2618 cogatur.
918 2594 955 2601 —
979 2578 1079 2619 &tque

210 2624 299 2658 sotis
319 2633 420 2658 aram
434 2624 487 2667 μ]
518 2626 554 2659 in
583 2634 684 2661 aram
705 2624 794 2662 Solis
817 2626 938 2670 oppidi
958 2625 1078 2662 Helio-

211 2673 354 2717 politani
375 2676 413 2709 in
433 2675 609 2718 Aegypto.

253 2773 311 2808 29.
331 2773 456 2816 rumai}
485 2773 528 2815 4,
551 2773 608 2808 47.
634 2792 671 2799 —
703 2783 767 2816 por
787 2774 950 2817 comptas
976 2784 1079 2811 vonas

211 2824 298 2865 cet]
332 2824 398 2858 Dio
424 2824 486 2864 58,
516 2822 578 2858 24:
611 2818 726 2858 ἄλλοι
752 2833 793 2858 τε
821 2818 909 2867 οὖν,
945 2825 1076 2869 οἱμὲν

211 2869 288 2908 ὕπὸ
321 2872 397 2907 τῶν
422 2848 570 2918 δημίων
601 2874 643 2910 οἱ
668 2873 711 2908 δὲ
739 2875 805 2909 καὶ
827 2871 893 2917 ὕφ’
916 2875 1075 2919 ἑαυτῶν,

210 2919 406 2958 ἀπέθανον
439 2924 505 2958 καὶ
537 2923 771 2968 Πομπώνιος
802 2924 976 2967 Λαβεών.
1011 2927 1076 2960 καὶ

212 2965 327 3015 οὗτος
358 2972 429 3017 τῆς
460 2983 502 3007 τε
532 2974 683 3016 Μυσίας
717 2974 810 3009 ποτὲ
842 2972 941 3009 ὀκτώ
974 2971 1077 3010 ἔτεσι

210 3020 309 3066 μετὰ
336 3020 408 3066 τὴν
428 3025 661 3071 στρατηγίαν
682 3020 820 3071 ἄρξας,
850 3026 916 3059 καὶ
945 3023 1076 3085 δώρων

210 3070 325 3116 μετὰ
341 3071 411 3117 τῆς
442 3072 625 3118 γυναικὸς
660 3076 838 3122 γραφείς,
872 3073 1076 3119 ἐθελοντὴς

211 3121 286 3158 σὺν
306 3118 405 3171 αὐτῇ
426 3121 668 3171 διεφθάρη.
660 3142 695 3148 -
724 3126 896 3165 sepultura
918 3125 1076 3166 prohibe-

211 3173 345 3214 bantur]
368 3174 556 3207 Suetonius
579 3173 654 3206 Tib.
679 3174 738 3207 64ε
772 3175 1005 3215 matam,
1035 3184 1076 3208 na

210 3223 320 3264 cap-'u
333 3223 508 3256 minato:
523 3223 707 3264 propinquo
725 3223 884 3265 haoerent.
907 3240 927 3248 —
938 3241 959 3249 -
973 3224 1076 3258 Nemo

209 3273 405 3314 punam
424 3283 492 3306 non
511 3275 550 3307 is
570 3273 748 3307 Gmontas
763 3273 908 3308 abiectus
927 3282 1077 3316 uncoque

213 3325 350 3357 tractum
367 3341 406 3347 —
430 3323 610 3356 manebant
627 3322 832 3365 mmmm]
855 3324 921 3357 Dio
939 3324 994 3364 57,
1011 3323 1074 3356 22:

213 3365 349 3404 ἀπεῖπε
369 3370 411 3406 δὲ
433 3369 455 3405 ὁ
471 3371 646 3431 Τιβέριος
667 3374 748 3413 τοῖς
767 3369 888 3420 πυρὸς
900 3372 966 3406 καὶ
982 3367 1075 3406 ὕδα-

211 3427 278 3461 τος
298 3420 486 3468 elmodac
502 3418 560 3466 μὴ
562 3382 843 3464 διατίθεσθαι·
868 3422 937 3459 καὶ
958 3420 1075 3456 τοῦτο

1128 2187 1188 2211 noc
1208 2177 1292 2210 illud
1314 2180 1543 2210 testamentum
1562 2176 1671 2217 valet,
1701 2178 1791 2218 quod
1811 2181 1888 2212 ante
1906 2180 1996 2221 facit,

1128 2235 1188 2260 noc
1207 2227 1264 2267 id,
1288 2227 1376 2268 quod
1393 2229 1511 2268 postea
1529 2226 1657 2268 locarit.
1679 2243 1716 2250 —
1738 2228 1886 2268 pretium
1902 2229 1998 2271 fasti-

1128 2277 1243 2319 nandi]
1267 2277 1332 2310 Dio
1353 2276 1415 2317 58,
1440 2277 1500 2309 45:
1537 2275 1579 2308 οἱ
1597 2273 1639 2309 δὲ
1659 2273 1708 2319 δὴ
1731 2275 1885 2319 πλείους
1906 2276 1997 2320 (τῶν

1129 2325 1390 2369 αἰτιαθέντων)
1419 2321 1533 2359 aeret
1556 2322 1719 2368 ἑαυτοὺς
1741 2327 1830 2373 πρὶν
1851 2323 1997 2362 ἁλῶναι

1127 2376 1360 2434 διέφθειραν.
1384 2375 1541 2410 ἐποίουν
1555 2374 1597 2410 δὲ
1611 2374 1727 2410 τοῦτο
1740 2375 1911 2421 μάλιστα
1923 2378 1996 2423 μὲν

1127 2425 1179 2471 τῷ
1207 2424 1307 2470 μήτε
1332 2423 1404 2469 τὴν
1429 2420 1541 2484 ὕβριν
1560 2423 1660 2470 μήτε
1681 2423 1752 2470 τὴν
1775 2428 1903 2462 αἰκίαν
1924 2430 1996 2471 φέ-

1127 2487 1225 2533 pecu,
1248 2473 1324 2520 ἤδη
1345 2475 1388 2510 δὲ
1409 2477 1476 2509 καὶ.
1498 2471 1603 2518 ὅπως
1626 2476 1668 2510 οἱ
1687 2475 1819 2519 παῖδες
1834 2476 1910 2512 τῶν
1926 2475 1997 2513 οὖ-

1128 2525 1222 2561 σιῶν
1248 2522 1390 2568 αὐτοὺς
1423 2523 1736 2586 κληρονομῶσιν·
1772 2523 1896 2572 ὀλίγαι
1921 2526 1995 2577 γὰρ

1127 2575 1228 2612 πάνυ
1249 2575 1325 2611 τῶν
1345 2574 1598 2620 ἐθελοντηδὸν
1621 2572 1696 2624 πρὸ
1717 2575 1788 2621 τῆς
1809 2576 1918 2623 δίκης
1939 2589 1995 2614 τε·

1127 2624 1344 2663 λεντώντων
1372 2622 1622 2670 ἐδημεύοντο.
1658 2643 1696 2651 -
1736 2635 1864 2661 morem
1893 2629 1994 2671 fuisso

1125 2676 1320 2719 mator-sona}
1337 2676 1388 2711 Cf.
1405 2677 1440 2717 2,
1456 2677 1510 2710 70.
1531 2676 1714 2719 -cutpam
1725 2677 1867 2722 invidia]
1890 2686 1994 2712 suam

1127 2726 1269 2770 culpam
1297 2725 1427 2759 invidia
1457 2726 1636 2766 Caesaris,
1667 2725 1706 2760 id
1735 2728 1809 2767 est,
1838 2727 1904 2761 etsi
1926 2737 1992 2761 no-

1126 2777 1243 2818 xium,
1271 2778 1392 2810 tamen
1420 2775 1523 2818 quasi
1554 2776 1783 2809 innocentem
1811 2785 1853 2810 se
1879 2778 1992 2810 inter-

1126 2826 1275 2866 fecisse,
1310 2826 1350 2859 ut
1383 2826 1459 2859 eius
1490 2825 1544 2858 rei
1575 2824 1705 2861 invidia
1732 2826 1770 2861 in
1798 2827 1991 2861 Caesarem

1126 2876 1313 2910 recideret.
1341 2892 1378 2900 -
1403 2874 1601 2916 conten-tta]
1635 2884 1707 2918 quo
1738 2876 1815 2919 ipsa
1848 2885 1989 2919 quoque
2062 2885 2064 2887 ’

1127 2925 1194 2959 sihi
1226 2926 1380 2962 mortem
1414 2925 1653 2959 conscisceret
1679 2923 1725 2957 ob
1752 2924 1990 2960 damnationis

1126 2976 1275 3009 metum.
1286 2991 1324 2998 —
1336 2974 1482 3015 periculi
1494 2977 1518 3008 t.
1531 2974 1713 3018 exportoml
1729 2983 1858 3017 «quam
1870 2975 1989 3008 tamen

1127 3034 1232 3067 ego,»
1254 3023 1385 3066 inquit,
1417 3033 1626 3066 «nunquam
1649 3024 1879 3059 damnaturus
1901 3024 1989 3058 fuis-

1125 3083 1238 3108 sem.»
1270 3090 1308 3099 --
1342 3074 1492 3108 Scaum
1521 3073 1798 3117 rurstoen1Vide
1831 3083 1863 3107 c.
1888 3074 1921 3108 9.
1947 3091 1985 3098 —

1123 3127 1196 3158 vita
1211 3123 1403 3167 probrosas]
1427 3123 1478 3157 Cf.
1497 3120 1726 3157 Tertullianus
1748 3123 1793 3156 de
1816 3121 1921 3157 Pallio
1943 3123 1984 3158 5:

1125 3174 1220 3207 Dabo
1250 3174 1470 3207 catharticum
1489 3174 1678 3215 amaricati
1699 3173 1822 3206 Scaum‘
1841 3176 1874 3206 ct
1894 3173 1989 3207 atauo

1126 3224 1219 3258 Curii
1239 3228 1271 3258 ct
1290 3224 1488 3258 vinolentiae
1507 3223 1654 3257 Antonii.
1687 3224 1768 3265 Ipse
1791 3223 1929 3257 Tacitus
1951 3223 1985 3266 3,

1126 3274 1187 3308 66:
1207 3283 1375 3316 proavum
1395 3283 1492 3308 suum
1505 3273 1715 3315 obprobrium
1727 3273 1896 3307 maiorm»
1908 3274 1988 3308 Ha-

1124 3331 1252 3358 marcus
1272 3324 1392 3366 infami
1413 3333 1517 3366 opera
1537 3322 1779 3356 dehonestabat.
1804 3322 1856 3357 Cf.
1868 3323 1912 3364 4,
1930 3314 1984 3359 43.

1127 3388 1164 3397 -
1188 3373 1320 3414 Sciant,
1350 3373 1406 3406 sod
1427 3371 1591 3414 tabefecit]
1621 3370 1739 3405 Simile
1762 3348 1986 3414 hyperbaton

1124 3421 1299 3458 habemus
1315 3423 1454 3464 niam,
1470 3422 1532 3456 83:
1556 3422 1988 3470 nomam-wetmare-
