2254 3770
266 246 320 288 54
738 249 783 292 Ρ.
814 246 1062 291 CORNELII
1091 246 1260 290 TACITI
1289 245 1555 289 ANNALIUM

266 358 403 404 xerat,
434 358 639 411 reportat;
671 365 769 410 pars
799 351 991 410 equitum
1020 351 1141 395 litore
1172 350 1333 395 Oceani
1363 356 1509 408 petere
1538 350 1731 395 Rhenum
1760 350 1897 402 iussa;
1936 349 2043 392 Cae-

268 426 379 477 cina,
422 428 494 485 qui
525 441 650 472 suum
678 425 852 470 militem
882 425 1086 476 ducebat,
1130 425 1335 475 monitus,
1376 439 1637 483 quamquam
1675 425 1783 468 notis
1822 423 2043 467 itineribus

268 502 586 559 regrederetur,
616 507 768 559 pontes
797 500 945 557 longos
974 515 1103 559 quam
1132 500 1378 543 maturrime
1409 513 1627 557 superare.
1663 506 1867 556 angustus
1895 499 1932 542 is
1961 505 2046 542 tra-

270 590 360 620 mes
400 583 542 620 vastas
579 578 686 620 inter
722 575 902 633 paludes
943 582 984 619 et
1018 574 1234 633 quondam
1273 588 1298 617 a
1333 575 1376 617 L.
1397 574 1581 618 Domitio
1619 580 1866 631 aggeratus;
1904 579 2047 618 cetera

238 651 439 702 alimosa,
471 651 634 696 tenacia
663 651 779 708 gravi
810 664 943 695 caeno
975 656 1046 693 aut
1075 650 1176 694 rivis
1206 649 1366 692 incerta
1397 655 1534 700 erant;
1567 648 1878 700 circumsilvae
1900 647 2047 706 paula-

270 726 342 768 tim
371 725 577 777 adclives,
619 739 727 784 quas
764 731 854 768 tum
884 724 1095 768 Arminius
1135 723 1345 782 implevit,
1385 723 1649 781 compendiis
1678 723 1842 767 viarum
1881 729 1924 768 et
1964 723 2047 767 cito

269 800 434 857 agmine
464 806 663 844 onustum
702 799 878 843 sarcinis
909 800 1124 857 armisque
1164 798 1337 842 militem
1369 811 1466 841 oum
1496 798 1792 860 antevenisset.
1838 796 2047 842 Caecinae

269 874 491 926 dubitanti,
523 889 708 933 quonam
729 874 857 918 modo
878 881 1025 931 ruptos
1056 880 1261 917 vetustate
1292 879 1443 930 pontes
1471 879 1698 930 reponeret
1717 872 1928 931 simulque
1949 887 2049 930 pro-

268 949 457 1007 pulsaret
484 949 665 999 hostem,
699 956 837 993 castra
866 949 1015 992 metari
1047 949 1087 991 in
1119 948 1212 992 loco
1243 947 1418 1005 placuit,
1455 954 1500 990 ut
1529 961 1638 1005 opus
1668 955 1710 991 et
1739 947 1808 991 alii
1837 947 2047 1005 proelium

220 1023 513 1081 loinciperent.
559 1024 640 1080 (64)
672 1023 841 1067 barbari
872 1023 1135 1081 perfringere
1165 1025 1369 1066 stationes
1399 1036 1534 1080 seque
1575 1021 1730 1066 inferre
1766 1022 2048 1066 munitoribus

268 1098 349 1142 nisi
378 1098 610 1149 lacessunt,
643 1097 1070 1156 circumgrediuntur,
1102 1103 1338 1141 occursant.
1370 1097 1572 1140 miscetur
1592 1097 1859 1155 operantium
1889 1096 2050 1143 bellan-

269 1173 459 1231 tiumque
492 1172 662 1217 clamor.
694 1179 736 1217 et
765 1179 916 1216 cuncta
946 1172 1104 1229 pariter
1134 1173 1331 1215 Romanis
1363 1172 1565 1215 adversa:
1605 1171 1727 1215 locus
1762 1171 1919 1228 uligine
1950 1185 2050 1229 pro-

269 1247 417 1295 funda,
450 1247 564 1291 idem
585 1248 638 1291 ad
659 1248 837 1305 gradum
857 1246 1079 1295 instabilis,
1112 1246 1444 1303 procedentibus
1465 1246 1671 1296 lubricus,
1705 1260 1887 1304 corpora
1906 1246 2052 1304 gravia

268 1322 430 1375 loricis3
466 1336 607 1381 neque
637 1322 793 1367 librare
822 1323 908 1381 pila
937 1324 1045 1366 inter
1076 1322 1212 1366 undas
1242 1328 1448 1380 poterant.
1494 1328 1639 1365 contra
1671 1321 1899 1365 Cheruscis
1929 1328 2052 1365 sueta

220 1410 256 1440 ⁴5
269 1402 371 1454 aput
413 1396 591 1454 paludes
634 1397 816 1455 proelia,
871 1411 1049 1455 procera
1099 1396 1310 1445 membra,
1357 1397 1503 1440 hastae
1547 1396 1739 1454 ingentes
1782 1396 1836 1439 ad
1877 1395 2051 1440 vulnera

269 1471 463 1515 facienda
492 1472 685 1529 quamvis
716 1472 877 1529 procul.
918 1487 1001 1515 nox
1032 1472 1204 1515 demum
1235 1471 1471 1515 inclinantis
1508 1471 1591 1514 iam
1622 1471 1811 1528 legiones
1843 1470 2052 1515 adversae

269 1559 438 1603 pugnae
468 1546 634 1589 exemit.
671 1546 866 1590 Germani
898 1547 953 1590 ob
983 1561 1191 1605 prospera
1221 1546 1441 1596 indefessi,
1475 1560 1528 1590 ne
1558 1552 1646 1589 tum
1677 1545 1855 1604 quidem
1883 1552 2052 1604 sumpta

270 1622 433 1678 quiete,
485 1627 688 1678 quantum
728 1635 936 1679 aquarum
975 1622 1133 1666 circum
1176 1621 1448 1679 surgentibus
1485 1622 1594 1679 iugis
1635 1621 1768 1664 oritur
1807 1627 1974 1665 vertere
2011 1621 2052 1663 in

271 1695 482 1748 subiecta3
533 1709 761 1754 mersaque
798 1696 926 1739 humo
966 1703 1007 1740 et
1043 1696 1195 1739 obruto
1237 1696 1354 1754 quod
1394 1696 1591 1739 effectum
1628 1696 1772 1753 operis
1811 1695 2052 1753 duplicatus

220 1784 258 1814 20
270 1769 388 1812 militi
418 1769 549 1814 labor.
590 1770 964 1828 quadragesimum
995 1771 1037 1814 id
1069 1770 1327 1828 stipendium
1360 1771 1543 1815 Caecina
1571 1770 1750 1829 parendi
1780 1777 1852 1814 aut
1880 1771 2052 1828 imperi-

271 1844 385 1888 tandi
407 1844 605 1896 habebat,
630 1845 917 1888 secundarum
937 1846 1319 1903 ambiguarumque
1341 1860 1484 1889 rerum
1505 1846 1646 1889 sciens
1662 1860 1803 1904 eoque
1827 1845 2051 1889 interritus.

273 1920 396 1978 igitur
415 1920 553 1963 futura
573 1919 747 1963 volvens
779 1934 863 1962 non
892 1920 992 1963 aliut
1023 1921 1211 1978 repperit
1240 1935 1368 1978 quam
1399 1927 1444 1964 ut
1473 1920 1639 1965 hostem
1668 1920 1784 1964 silvis
1815 1927 2051 1972 coerceret,

272 1994 410 2038 donec
439 1994 573 2038 saucii
603 2000 895 2052 quantumque
925 1996 1130 2052 gravioris
1163 1996 1340 2052 agminis
1380 1996 1597 2039 anteirent.
1630 2010 1728 2039 nam
1760 1995 1903 2039 medio
1935 2009 2055 2039 mon-

272 2069 375 2112 tium
404 2075 446 2112 et
474 2068 678 2126 paludum
707 2069 1005 2127 porrigebatur
1034 2070 1247 2127 planities,
1289 2084 1401 2128 quae
1440 2062 1610 2114 lennem
1647 2071 1784 2115 aciem
1821 2077 2052 2129 pateretur.

314 2195 346 2227 2.
376 2195 515 2227 monitos
544 2204 599 2236 pr.
624 2196 657 2229 M
692 2214 726 2219 ——
762 2195 794 2228 9.
824 2196 991 2236 praelium
1020 2197 1052 2229 M
1084 2214 1119 2219 —
1158 2197 1210 2229 40.
1235 2197 1327 2237 sequi
1349 2198 1381 2230 M
1413 2197 1517 2237 (seque
1539 2197 1672 2238 margo)
1705 2214 1740 2220 -
1780 2196 1832 2230 44.
1858 2197 2000 2230 liberare
2021 2198 2054 2231 Μ

272 2250 410 2292 (librare
439 2251 574 2292 margo)
608 2270 643 2275 —-
676 2253 728 2285 45.
752 2252 877 2292 proelio
905 2253 938 2285 M
969 2271 1004 2276 —
1037 2254 1127 2286 haste
1150 2254 1182 2287 M
1214 2270 1248 2277 —·
1285 2254 1337 2286 46.
1362 2255 1445 2286 Mox
1467 2255 1500 2287 M
1533 2271 1568 2276 —-
1602 2258 1672 2286 tam
1695 2255 1727 2287 M
1750 2254 1833 2296 (iam
1855 2255 1988 2296 margo)
2017 2273 2052 2279 -

273 2307 325 2340 49.
351 2315 415 2350 quo
438 2307 596 2348 defectum
617 2307 651 2341 M
676 2326 711 2331 —
736 2308 789 2340 22.
815 2308 996 2342 coherceret
1018 2310 1063 2345 M.

274 2413 389 2453 aequis
403 2412 531 2445 viribus
545 2421 587 2445 ac
596 2422 701 2454 prope
709 2415 790 2454 pari
806 2423 871 2455 spe.
897 2413 975 2447 Sall.
992 2415 1065 2447 Cat.
1076 2415 1135 2447 39:

1188 2416 1330 2448 Sueton.
1358 2416 1436 2447 Ner.
1463 2414 1494 2447 4.
1534 2416 1583 2447 De
1615 2416 1689 2447 eius
1721 2415 1960 2457 expeditione,
1986 2425 2055 2458 qua

274 2464 362 2504 quod
389 2465 418 2495 si
439 2464 551 2503 primo
574 2464 703 2504 proelio
727 2464 874 2497 Catilina
901 2466 1054 2505 superior
1080 2469 1143 2498 aut

1188 2465 1302 2498 Albim
1319 2466 1452 2497 flumen
1471 2465 1698 2504 transcendit,
1720 2460 1796 2507 lege
1813 2467 2058 2500 DionemCas-

274 2522 384 2554 aequa
404 2521 508 2545 manu
528 2513 735 2545 discessisset.
767 2514 853 2546 Hist.
878 2514 910 2553 3,
935 2515 972 2546 9:
999 2518 1140 2555 tempta—

274 2564 379 2604 tisque
400 2564 464 2595 levi
483 2564 610 2603 proelio
633 2563 754 2596 animis
772 2572 817 2596 ea>
833 2573 937 2604 aequo
953 2565 1138 2597 discessum.

277 2614 345 2645 «At
367 2613 558 2651 Romanos,
584 2613 613 2645 si
637 2622 706 2645 non
725 2612 839 2652 fusos,
867 2616 962 2646 certe
983 2623 1064 2646 cum
1082 2615 1141 2646 da-

278 2671 361 2695 mno
385 2661 499 2703 aliquo
524 2662 707 2695 discedere
731 2665 871 2696 coactos
889 2673 907 2695 e
925 2672 1143 2705 consequen-

277 2711 370 2745 tibus
400 2713 496 2744 recte
526 2713 691 2744 notarunt
717 2713 781 2744 viri
805 2712 932 2745 docti.»
958 2715 1076 2746 WOLF.
1105 2730 1139 2737 -

277 2763 373 2795 litore
401 2761 531 2803 Oceani]
566 2763 616 2794 De
645 2761 794 2794 ablativo
825 2763 868 2795 cf.
899 2772 930 2796 c.
957 2764 998 2795 60
1025 2764 1144 2806 finibus

278 2811 473 2844 Frisiorwm.
493 2830 528 2835 —
551 2815 666 2852 pontes
686 2813 809 2854 lonqos]
836 2814 1062 2846 Moordamm:
1088 2823 1145 2846 eo-

280 2870 360 2894 rum
380 2860 548 2902 reliquiae
567 2870 755 2903 superesse
773 2863 930 2895 seruntur
945 2872 1054 2905 prope
1072 2872 1145 2896 mo-

282 2910 474 2944 nasterium
508 2911 640 2951 Terapel
673 2913 708 2943 et
741 2912 852 2944 Valthe
886 2921 955 2945 non
989 2911 1091 2954 longe
1125 2922 1144 2945 a

283 2960 464 2995 Coevorda
489 2969 507 2993 a
532 2960 616 2993 silva
644 2962 854 3003 Weerdinqer
876 2971 988 3004 usque
1013 2963 1057 2995 ad
1075 2964 1147 2996 Ter-

282 3012 393 3050 Haar,
418 3010 452 3042 in
469 3010 646 3052 provincia
662 3012 820 3050 Brenthe,
846 3012 1017 3044 Reichard
1034 3013 1144 3046 Germ.

285 3069 318 3103 p.
350 3061 437 3102 2223
472 3059 559 3093 aliae
596 3069 707 3102 prope
742 3061 946 3103 oppidulum
978 3063 1079 3095 Alelen
1113 3063 1146 3095 in

285 3112 398 3143 tractu
420 3111 695 3144 Monasteriensi.
733 3111 897 3144 Wilhelm
921 3121 956 3154 p.
982 3113 1055 3145 303.
1082 3114 1147 3146 Ru-

286 3161 377 3202 perti
399 3160 444 3192 ad
466 3160 501 3192 h.
526 3159 551 3193 l.
576 3161 679 3194 Ukert
702 3160 898 3193 Germanien
926 3170 960 3203 p.
987 3162 1067 3195 ⁴8⁴:
1103 3164 1146 3195 So

285 3211 361 3242 weit
389 3219 507 3243 unsere
535 3210 821 3243 Lolcalkennlnisse
842 3212 986 3251 reichen,
1017 3213 1147 3249 darsten

287 3261 338 3293 die
360 3263 484 3302 pontes
506 3260 599 3302 longi
621 3261 656 3293 in
677 3262 735 3293 der
758 3262 887 3303 Geyend
909 3271 973 3294 von
991 3263 1145 3305 Coesfeld‚

287 3311 415 3343 Borken
437 3312 504 3344 und
520 3313 661 3344 Diilmen
682 3320 727 3344 zu
740 3312 859 3344 suchen
873 3312 952 3344 sein.
975 3330 1007 3335 —
1026 3314 1061 3345 L.
1080 3315 1147 3346 Do-

287 3360 390 3403 mitio]
414 3362 560 3396 Neronis
583 3362 804 3405 imperatoris
827 3371 903 3395 avo,
935 3363 1024 3395 Anu.
1042 3362 1074 3403 4,
1092 3363 1144 3397 44.

1189 2517 1280 2548 sium
1319 2517 1353 2548 in
1384 2516 1578 2557 fragmento
1602 2515 1804 2549 Morelliano
1836 2516 1895 2549 lib.
1920 2517 1975 2556 55,
2001 2517 2054 2550 43,

1190 2566 1246 2598 ed.
1273 2567 1384 2597 Sturz.
1410 2566 1464 2597 111.
1501 2574 1533 2606 p.
1560 2565 1634 2597 362.
1679 2565 1914 2599 Memorabilis
1937 2568 2056 2599 autem

1190 2617 1245 2647 est
1267 2614 1311 2647 de
1337 2615 1404 2646 hoc
1428 2615 1546 2647 Dionis
1570 2614 1647 2647 loeo
1672 2614 1858 2657 disputatio
1882 2615 1972 2648 Frid.
1994 2616 2059 2648 Ro-

1190 2666 1251 2697 thii
1275 2674 1294 2697 a
1317 2664 1457 2697 Pabstio
1480 2666 1611 2697 inserto
1627 2665 1762 2706 Eclogis
1778 2666 1957 2706 Tacitiuis,
1982 2666 2059 2707 Lip-

1191 2717 1263 2748 siae
1289 2715 1384 2748 483⁴.
1412 2724 1444 2756 p.
1469 2716 1524 2747 29.
1553 2733 1586 2737 -—
1615 2717 1648 2747 in
1670 2715 1750 2757 loco]
1775 2717 1867 2757 ipso,
1894 2725 1964 2757 quo
1979 2725 2059 2759 per-

1192 2767 1377 2805 venerant,
1409 2767 1445 2797 et
1474 2765 1534 2797 ubi
1564 2768 1689 2807 pontes
1720 2767 1913 2808 reponendi
1937 2769 2056 2804 erant;

1194 2818 1230 2848 ut
1253 2815 1290 2855 4,
1316 2815 1374 2848 47:
1410 2816 1528 2847 castris
1558 2817 1593 2847 in
1623 2817 1693 2848 loco
1717 2818 1942 2857 communitis,
1973 2818 2056 2850 item

1195 2866 1252 2904 ⁴3,
1277 2865 1330 2898 4⁴.
1357 2882 1392 2887 —
1419 2868 1456 2897 ut
1478 2874 1559 2905 opas
1580 2868 1611 2897 et
1633 2865 1702 2906 alii]
1730 2866 1800 2897 Liv.
1821 2865 1852 2898 3.
1870 2866 1928 2898 37:
1954 2867 2060 2908 virgis

1193 2915 1303 2954 caedi,
1348 2915 1407 2946 alii
1443 2915 1550 2946 securi
1585 2915 1699 2946 subici.
1755 2916 1829 2947 Non
1867 2924 1947 2947 rara
1981 2915 2056 2948 scil.

1195 2963 1371 3004 exempla,
1409 2964 1442 2996 in
1476 2964 1543 2996 hac
1574 2964 1781 3006 praesertim
1814 2966 1947 3004 aetate,
1980 2974 2059 3007 pro-

1195 3015 1345 3047 nominis
1369 3014 1579 3046 distributivi
1603 3015 1723 3047 omissi
1746 3013 1800 3046 vel
1819 3014 1853 3046 in
1870 3016 1985 3056 priore
2003 3015 2057 3048 vel

1194 3065 1229 3097 in
1246 3063 1442 3106 posteriore
1467 3063 1641 3096 membro.
1674 3065 1752 3096 Eas.
1770 3063 1953 3097 Accelerat
1971 3065 2059 3097 haec

1195 3115 1338 3147 omissio
1355 3114 1608 3146 narrationem.
1651 3115 1698 3146 lta
1722 3114 1807 3146 Hist.
1833 3114 1871 3154 3,
1895 3114 1956 3146 27:
1981 3115 2059 3146 dum

1194 3164 1331 3205 ligones,
1356 3163 1523 3202 dolabras,
1549 3166 1580 3195 et
1601 3164 1661 3196 alii
1674 3164 1777 3205 falces
1797 3164 1969 3204 scalasque
1984 3173 2059 3196 con-

1193 3217 1333 3246 vectant.

1239 3263 1291 3297 64.
1312 3273 1457 3304 procera
1477 3263 1634 3305 membra]
1659 3264 1708 3296 Cf.
1735 3264 1853 3296 Germ.
1877 3263 1909 3296 4.
1938 3282 1973 3287 -
2003 3265 2058 3297 in-

1195 3314 1349 3346 clinantis
1370 3313 1439 3346 iam
1460 3313 1611 3355 legiones]
1638 3314 1687 3346 Cf.
1709 3321 1740 3345 c.
1759 3313 1794 3345 64
1812 3322 1818 3343 :
1845 3313 1974 3346 accisae
1989 3314 2057 3346 iam

1195 3363 1365 3405 reliquiae.
1409 3365 1526 3396 Germ.
1559 3363 1595 3396 8:
1632 3363 1828 3396 inclinantes
1855 3363 1924 3396 iam
1951 3367 1983 3396 et
2004 3365 2059 3397 la-
