2254 3770
315 254 398 299 458

801 261 846 304 P.
878 260 1127 305 CORNELII
1157 260 1326 304 uem
1355 234 1622 306 mmmm

316 363 508 420 equitum
538 365 645 410 alae.
689 373 731 410 et
769 379 855 424 quo
886 365 1049 410 facilius
1078 379 1236 410 novum
1264 379 1444 422 regnum
1471 371 1681 418 tueretur,
1721 380 1821 425 pars
1857 367 2095 418 Armeniae,

316 444 364 482 ut
391 439 547 498 cuique
578 440 766 493 finitima,
798 441 1071 485 Pharasmani
1091 440 1396 499 Polemonique
1417 447 1459 484 et
1477 441 1718 485 Aristobulo
1743 447 1872 499 atque
1892 441 2096 486 Antiocho

315 527 469 571 parere
498 515 641 560 iussae
671 522 779 560 sunt.
826 515 1012 561 Corbulo
1041 517 1083 560 in
1114 516 1282 561 Suriam
1311 515 1535 569 abscessit,
1577 522 1711 561 morte
1741 515 1940 563 Ummidii
1973 516 2098 574 legati

315 602 496 634 vacuam
524 604 575 635 ac
604 590 686 635 sibi
715 591 981 649 permissam.

429 665 510 723 (27)
541 666 704 711 Eodem
733 681 843 711 anno
875 681 928 711 ex
956 666 1205 711 inlustribus
1224 667 1349 711 Asiae
1379 666 1558 710 urbibus
1578 666 1788 711 Laodicea
1810 672 1996 711 tremore
2015 672 2101 711 ter-

315 756 388 786 rae
420 742 636 801 prolapsa,
667 742 783 786 nullo
811 757 838 786 a
869 742 991 787 nobis
1018 742 1221 794 remedio,
1252 742 1437 800 propriis
1459 741 1614 800 opibus
1634 741 1825 787 revaluit.
1857 748 1900 785 at
1920 742 1962 785 in
1983 741 2102 786 ltalia

313 824 436 861 vetus
467 817 673 876 oppidum
691 817 855 862 Puteoli
886 818 954 862 ius
975 817 1167 862 coloniae
1189 823 1231 861 et
1251 824 1581 874 cognomentum
1599 831 1624 861 a
1646 819 1816 862 Nerone
1835 818 2097 876 apiscunturz

313 893 501 936 veterani
533 894 757 937 Tarentum
786 900 829 937 et
853 893 1021 937 Antium
1051 892 1253 950 adscripti
1283 906 1368 936 non
1398 899 1537 936 tamen
1569 892 1876 951 infrequentiae
1904 891 2097 937 locorum

314 968 567 1020 subvenere,
586 968 762 1026 dilapsis
782 968 976 1026 pluribus
997 968 1038 1011 in
1057 967 1312 1026 provincias,
1335 968 1378 1010 in
1398 968 1555 1025 quibus
1576 967 1785 1026 stipendia
1805 966 2098 1026 expleverant:

264 1053 301 1083 ιο
314 1057 455 1102 neque
477 1043 685 1102 coniugiis
706 1043 990 1102 suscipiendis
1011 1057 1152 1102 neque
1172 1042 1335 1086 alendis
1355 1042 1500 1086 liberis
1519 1043 1628 1086 sueti
1650 1042 1779 1086 orbas
1800 1043 1893 1087 sine
1913 1042 2098 1100 posteris

313 1118 465 1163 domos
486 1118 794 1178 relinquebant.
824 1133 908 1163 non
930 1119 1055 1170 enim,
1087 1125 1133 1162 ut
1153 1118 1265 1169 olim,
1297 1117 1524 1162 universae
1557 1118 1746 1176 legiones
1774 1117 2101 1162 deducebantur

306 1293 311 1309 ‘
379 1305 410 1338 4.
436 1304 488 1337 ale
509 1305 543 1338 M
567 1322 603 1328 —-
629 1305 724 1345 alae,
750 1313 815 1346 quo
829 1304 963 1346 facilius
976 1312 1101 1336 novum
1115 1311 1255 1345 reanum
1278 1304 1434 1335 lueretur.
1456 1309 1539 1341 pars
1562 1299 1832 1333 Freinshemius.
1858 1299 1928 1333 Sed
1944 1299 2101 1333 «utrum-

314 1369 402 1403 que,
428 1363 464 1394 et
485 1361 701 1404 praesidium
725 1362 883 1395 additum
909 1363 945 1395 et
966 1362 1086 1403 partes
1110 1360 1296 1393 Armeniae
1319 1359 1411 1391 inter
1433 1366 1536 1399 reges
1560 1356 1713 1397 divisae,
1740 1364 1783 1389 eo
1798 1356 1967 1398 pertinuit
1987 1358 2027 1389 ut
2049 1356 2103 1390 fa-

313 1416 412 1451 cilius
436 1426 566 1451 novum
591 1427 739 1460 regnum
763 1420 955 1451 tueretur.»
981 1418 1139 1450 anznun.
1160 1433 1196 1439 -—-
1221 1415 1409 1455 Armeniae,
1433 1417 1470 1446 ut
1486 1412 1717 1446 Puteolanus:
1743 1413 1895 1445 armenia
1911 1415 1988 1445 eunt
2009 1413 2042 1447 M
2057 1430 2102 1436 —-

311 1474 344 1506 2.
369 1474 589 1507 Pharasmani
610 1475 839 1516 Polemonique
862 1475 887 1507 l.
907 1475 940 1507 F.
961 1474 1176 1507 Gronovius:
1198 1481 1282 1514 pars
1304 1471 1474 1513 nipulique
1498 1470 1532 1503 M
1558 1488 1593 1494 -
1619 1469 1651 1502 3.
1677 1468 1829 1502 abscessit
1853 1467 2009 1511 Lipsius:
2041 1477 2102 1519 ae-

310 1530 407 1563 cessit
428 1532 460 1564 M
486 1548 521 1555 —
547 1532 666 1565 umidii
687 1532 721 1566 Μ
747 1549 784 1556 -
810 1531 842 1564 6.
867 1539 890 1563 a
912 1532 960 1564 G:
984 1539 1055 1563 om.
1081 1531 1114 1564 M
1139 1547 1173 1553 —
1201 1529 1233 1562 9.
1259 1528 1471 1570 eccpleberant
1492 1528 1535 1561 M.

312 1703 383 1737 quo
398 1696 431 1734 2,
450 1693 503 1728 44.
529 1695 641 1728 Etiam
657 1696 765 1738 patri,
791 1695 887 1728 fratri
904 1693 993 1728 illius
1010 1693 1176 1735 Tigranis,

312 1745 356 1778 de
379 1754 449 1786 quo
466 1745 498 1786 6,
516 1744 557 1778 40
573 1746 698 1787 agitur,
724 1753 854 1778 nomen
878 1746 953 1777 erat
968 1743 1178 1777 Alexander.

311 1795 450 1837 loseph.
475 1796 591 1836 Antiq.
618 1796 670 1835 48,
696 1796 728 1835 5,
754 1795 786 1828 4.
813 1813 848 1818 —
874 1795 1094 1828 Pharasmani
1116 1794 1180 1826 Po—

310 1846 494 1887 lemonique
523 1845 605 1888 cet.]
641 1845 793 1879 Hiberus
823 1848 878 1878 est
907 1845 1177 1883 Pharasmanes,

310 1897 381 1929 iam
404 1896 543 1938 pridem
568 1905 632 1938 per
654 1895 765 1929 filium
781 1896 1021 1929 Radamistum
1037 1894 1181 1928 insidia—

310 1947 367 1979 tus
383 1946 498 1978 fratris
511 1945 718 1979 Mithridatis
733 1955 855 1987 regno,
871 1945 1070 1984 Armeniae,
1084 1944 1179 1976 unde

311 2005 393 2030 cum
428 1996 690 2029 absterreretur
718 2005 738 2029 a
770 1997 954 2036 Romanis,
990 1995 1119 2038 partim
1143 1995 1182 2026 ut

310 2047 437 2080 horum
462 2048 607 2089 gratiam
633 2048 848 2087 mereretur,
886 2047 1013 2089 partim
1036 2046 1180 2088 proprio

311 2100 407 2130 metu
431 2096 541 2130 filium
564 2097 738 2130 interfecit
761 2099 797 2129 et
820 2106 862 2129 ex
883 2106 926 2129 eo
943 2096 1114 2129 adversus
1129 2095 1181 2127 Ti-

309 2147 458 2180 ridatem
477 2146 667 2180 Corbuloni
683 2146 852 2179 militavit.
871 2147 959 2179 Vide
978 2147 1030 2186 42,
1045 2145 1086 2178 44
1099 2153 1177 2186 sqq.

310 2198 396 2230 item
431 2197 484 2237 43,
509 2197 562 2230 37.
599 2197 659 2230 ubi
695 2198 730 2230 et
760 2198 893 2230 mentio
925 2197 970 2229 de
993 2195 1177 2234 Antiocho,

310 2247 614 2291 quemadmodum
637 2247 778 2289 saepius
797 2246 890 2279 alibi.
916 2246 1058 2280 Polemo
1075 2246 1180 2278 notis-

309 2298 420 2331 simus
436 2306 498 2330 rex
514 2298 629 2336 Ponti,
649 2297 798 2339 Iosepho
815 2295 999 2338 Κιλικίας.
1026 2297 1103 2328 Ant.
1122 2296 1175 2335 20,

309 2348 348 2385 7;
376 2349 410 2380 et
433 2347 526 2389 apud
545 2347 704 2379 Tacitum
730 2347 814 2380 Hist
842 2347 873 2387 3,
897 2347 938 2380 47
963 2354 1180 2379 commemo-

309 2398 417 2436 ratur,
444 2396 662 2429 Aristobulus
684 2397 736 2436 43,
755 2397 786 2429 7.
813 2396 953 2439 loseph.
972 2397 1026 2436 20,
1045 2396 1082 2428 8:
1108 2392 1178 2437 τὴν

308 2446 447 2505 μικρᾶς
467 2444 659 2493 Αρμενὶας
680 2449 918 2493 προστασίαν
937 2442 1179 2491 Ἀριστόβου-

309 2497 387 2539 λος,
401 2494 571 2544 Ηρώδου
584 2495 652 2540 τῆς
663 2496 858 2539 Χαλκίδος
873 2496 1063 2537 βασιλέως
1075 2498 1176 2536 παῖς,

309 2545 386 2583 ὑπὸ
401 2548 577 2594 Νέρωνος
593 2547 844 2595 ἐγχειρίζεται.
870 2550 895 2581 1.
916 2549 949 2580 F.
970 2548 1116 2579 Gnonov.
1139 2562 1175 2570 -

314 2599 478 2641 Ummidii]
505 2598 681 2637 Quadrati.
713 2598 763 2631 Cf
784 2599 836 2637 42,
855 2598 908 2631 45.
928 2593 981 2630 48,
1009 2597 1061 2636 43,
1080 2596 1111 2628 9.

352 2656 408 2688 27.
434 2655 615 2696 Laodicea]
640 2654 686 2686 ad
708 2655 855 2696 Lycum,
881 2653 1053 2695 Phrygiae
1078 2651 1175 2685 urbs.

311 2705 361 2739 Cf.
387 2704 512 2738 Strabo
537 2705 589 2743 42,
617 2705 648 2737 8.
675 2703 802 2737 Plinius
825 2705 864 2736 N.
883 2704 923 2736 H.
950 2705 969 2735 5
994 2703 1013 2744 5
1039 2703 1101 2735 405
1124 2712 1178 2735 ce-

309 2756 519 2789 leberrimam
532 2755 646 2787 urbem
662 2755 775 2787 vocat.
798 2755 820 2786 F
822 2753 966 2795 orbiger
977 2753 1180 2794 Geoyrapliie

310 2807 359 2845 11,
385 2814 419 2846 p.
445 2804 519 2838 347.
548 2822 584 2827 —
615 2805 763 2845 propriis
785 2803 901 2845 opibus
922 2802 1083 2844 revaluit]
1109 2811 1177 2834 non

310 2858 349 2889 ut
379 2855 517 2889 Tiberio
549 2855 746 2897 imperante
779 2853 882 2887 simili
905 2855 940 2886 in
964 2862 1048 2886 casu
1074 2853 1178 2886 huius

310 2915 377 2948 ope
412 2906 584 2938 duodecim
616 2904 754 2937 celebres
786 2905 883 2937 Asiae
915 2904 1011 2936 urbes
1041 2903 1085 2944 (2,
1111 2902 1174 2942 47).

310 2955 478 2989 Notabilis
502 2955 645 2988 omnino
669 2955 727 2986 hic
750 2953 848 2987 locus
871 2954 916 2986 ad
941 2952 1177 2986 aestimandas

310 3006 446 3038 divitias
470 3004 715 3038 nonnullarum
733 3005 834 3036 Asiae
859 3003 1001 3036 urbium
1026 3004 1178 3035 Graeca-

310 3065 390 3088 rum
415 3057 520 3088 etiam
543 3054 610 3088 sub
635 3055 784 3086 Nerone.
808 3071 844 3078 —-
866 3054 990 3086 Puteoli
1013 3054 1064 3085 ius
1087 3052 1178 3084 colo-

309 3105 395 3147 niae]
421 3105 523 3147 Atqui
546 3105 662 3137 Livius
685 3103 741 3143 34,
766 3102 808 3135 45
831 3103 875 3135 ad
901 3112 931 3134 a.
951 3112 985 3135 u.
1003 3103 1087 3135 560:
1114 3102 1178 3134 Co·-

309 3156 418 3188 loniae
447 3155 570 3187 civium
599 3155 636 3186 R.
661 3162 698 3186 eo
725 3161 815 3184 anno
838 3153 993 3184 deductae
1016 3155 1091 3184 sunt
1113 3152 1176 3183 Pu·

309 3206 426 3245 teolos,
456 3205 664 3243 Vulturnum,
688 3203 870 3239 Liternum,
896 3203 1016 3234 treceni
1034 3202 1180 3233 homines

308 3257 344 3288 in
358 3255 518 3297 singulas.
545 3254 657 3287 Minus
673 3253 838 3286 accurate
851 3251 1004 3284 Velleius
1021 3252 1053 3288 4,
1070 3252 1110 3283 45
1128 3251 1178 3283 in-

310 3305 426 3337 dicato
450 3313 542 3336 anno
566 3313 600 3336 u.
619 3303 682 3335 565
706 3302 836 3344 pergit:
861 3301 972 3333 eodem
996 3305 1178 3340 temporum

1229 1692 1319 1724 loni:
1344 1699 1451 1733 quem
1475 1698 1615 1722 merum
1631 1697 1790 1722 errorem
1805 1689 1921 1728 recte,
1945 1688 1985 1721 ut
2000 1686 2098 1721 arbi-

1229 1744 1315 1783 tror,
1339 1741 1472 1774 iudicat
1494 1739 1630 1780 Madvig
1653 1739 1780 1781 opusc.
1806 1739 1839 1778 1,
1865 1747 1900 1781 p.
1917 1738 1994 1771 285.
2022 1739 2099 1772 Me·-

1229 1791 1401 1824 meranda
1430 1790 1599 1832 deinceps
1623 1788 1775 1822 celebris
1802 1787 1858 1821 illa
1882 1789 1952 1821 Lex
1973 1788 2099 1830 parieti

1229 1841 1391 1874 faciundo
1412 1838 1602 1874 Puteolana
1625 1840 1735 1872 Inscr.
1754 1839 1827 1871 Lat.
1845 1847 1881 1871 n.
1900 1837 2003 1870 3697:
2028 1837 2095 1871 ΑΒ.

1230 1896 1423 1931 COLONIA.
1449 1895 1660 1929 DEDVCTA.
1685 1894 1816 1927 ANNO.
1837 1884 1902 1927 ᾗ.
1920 1894 1963 1927 N.
1981 1894 2098 1927 FVFI-

1229 1948 1315 1981 DIO.
1339 1947 1382 1980 N.
1401 1947 1438 1979 F.
1455 1947 1503 1979 M.
1528 1945 1688 1978 PVLLIO.
1713 1945 1812 1977 DVO.
1843 1945 1909 1977 VIR
1932 1945 1966 1977 P.
1984 1944 2100 1977 RVTI-

1229 2004 1310 2037 LIO.
1336 2003 1402 2036 CN.
1428 2002 1599 2035 MALLIO.
1625 2001 1703 2034 COS
1725 2001 1907 2034 OPERVM.
1933 2001 2028 2034 LEX.
2050 1988 2096 2034 1-1.

1229 2063 1262 2087 a.
1286 2063 1321 2086 u.
1347 2052 1422 2086 649.
1448 2051 1607 2085 Valerius
1633 2053 1752 2083 autem
1775 2050 1946 2085 Maximus
1968 2050 2001 2091 9,
2026 2048 2059 2091 3,
2076 2049 2097 2083 8

1229 2105 1263 2137 in
1294 2102 1481 2136 referenda
1513 2100 1627 2134 Sullae
1651 2102 1765 2133 morte
1789 2101 1832 2143 (a.
1857 2109 1893 2132 u.
1918 2100 1995 2141 676)
2018 2108 2099 2133 me-

1229 2155 1344 2188 morat
1366 2153 1513 2186 coloniae
1535 2152 1736 2185 Puteolanae
1758 2151 1960 2184 decuriones.
1995 2150 2096 2184 Conf.

1228 2205 1366 2246 Madvig
1388 2204 1473 2236 ibid.
1491 2212 1527 2245 p.
1545 2202 1621 2235 304.
1658 2202 1824 2243 Sequitur
1847 2202 2031 2235 Frontinus
2052 2201 2097 2234 de

1229 2254 1348 2288 Colon.
1374 2263 1409 2296 p.
1429 2253 1491 2286 439
1515 2254 1636 2286 Goes.:
1663 2253 1804 2292 Puteoli,
1829 2252 1959 2284 colonia
1980 2251 2099 2293 Δαρει-

1227 2309 1280 2338 sta
1288 2314 1300 2345 ‚·
1334 2305 1502 2346 Auqustus
1531 2303 1680 2335 deduaeit.
1717 2302 1871 2335 Tertium
1901 2302 1972 2334 iam
1994 2301 2098 2343 igitur

1229 2355 1380 2389 deducta
1401 2362 1420 2386 a
1437 2355 1593 2390 Nerone;
1621 2352 1665 2385 de
1682 2361 1752 2394 quo
1768 2352 1923 2385 instituto
1940 2352 2097 2384 Romano

1229 2404 1368 2445 Madvig
1391 2403 1438 2436 ib.
1465 2413 1500 2445 p.
1526 2402 1610 2435 293:
1641 2402 1804 2443 «Oppidis
1827 2399 2097 2434 senescentibus

1230 2458 1265 2489 et
1286 2453 1447 2488 invalidis
1472 2454 1635 2495 exoptata
1659 2461 1739 2485 esse
1763 2454 1902 2494 poterat
1923 2459 2096 2486 novorum

1230 2505 1531 2545 robustorumque
1548 2503 1678 2535 civium
1695 2503 1866 2540 accessio,
1883 2501 2011 2544 quibus
2026 2510 2095 2534 non

1228 2564 1293 2589 suo
1317 2554 1447 2586 damno
1473 2555 1569 2594 (nam
1592 2561 1634 2585 ea
1652 2553 1704 2585 vis
1722 2560 1804 2585 cum
1819 2551 1921 2584 bellis
1937 2550 2097 2586 civilibus

1228 2604 1364 2638 sublata
1389 2603 1498 2643 erat),
1526 2602 1592 2635 sed
1614 2602 1659 2635 de
1680 2601 1820 2643 publico
1836 2603 1910 2643 agri
1925 2610 2098 2644 pararen-

1229 2657 1320 2687 tur.»
1346 2671 1388 2677 —-
1410 2652 1680 2694 cognomentum]
1705 2652 1848 2687 Vanitas
1870 2651 1960 2684 haec
1984 2659 2098 2693 quae-

1229 2703 1311 2736 dam
1335 2703 1527 2735 otiosarum
1549 2701 1767 2734 coloniarum
1785 2702 1914 2741 (Horat.
1934 2700 2043 2743 Epod.
2060 2701 2094 2740 ὅ,

1228 2753 1291 2786 43:
1326 2753 1370 2785 Et
1400 2753 1506 2784 otiosa
1536 2752 1675 2783 credidit
1701 2750 1880 2791 Neapolis.)
1906 2752 1941 2783 et
1969 2750 2097 2792 cupido

1228 2803 1463 2843 cognomenta
1493 2801 1685 2834 honorifica
1717 2810 1737 2833 a
1765 2799 1982 2842 principibus
2004 2799 2098 2833 ohti-

1228 2851 1355 2891 nendi,
1393 2852 1483 2882 inter
1514 2859 1606 2892 quae
1635 2849 1734 2883 facile
1765 2850 1897 2882 eminet
1927 2849 2097 2882 fastosum

1227 2901 1330 2934 illud:
1357 2900 1536 2933 COLONIA
1560 2901 1578 2932 I
1583 2900 1672 2932 VLIA
1696 2899 1936 2932 CONCORDIA
1961 2899 2098 2932 AVGV-

1227 2951 1303 2984 STA
1334 2950 1464 2983 FELIX
1489 2949 1798 2982 BENEVENTUM.
1824 2950 1932 2982 Inscr.
1958 2950 2033 2982 Lat.
2058 2957 2094 2982 n.

1227 3001 1325 3034 3698.
1349 3002 1399 3032 Ac
1423 3002 1506 3031 tunc
1530 3000 1621 3031 Nero
1645 2998 1796 3032 Puteolis
1816 2999 1885 3032 hoc
1901 2997 2096 3040 qualecun-

1227 3059 1297 3092 que
1321 3048 1535 3082 beneficium
1559 3049 1765 3090 impertivit,
1791 3049 1992 3082 necessario
2015 3048 2096 3090 post

1228 3101 1303 3133 eius
1334 3099 1514 3132 interitum
1538 3098 1604 3130 sub
1630 3099 1846 3140 Vespasiano
1870 3098 2094 3131 immutatum

1227 3151 1283 3183 in:
1313 3149 1494 3183 COLONIA
1517 3149 1595 3181 FLA
1604 3148 1668 3180 VIA
1690 3147 1881 3181 AVGVSTA
1902 3147 2091 3180 PVTEOLI.

1226 3201 1354 3232 Inscrr.
1385 3200 1471 3231 Latt.
1497 3197 1518 3231 1.
1545 3197 1567 3230 l.
1602 3198 1827 3239 Cognominis
1849 3199 1966 3229 autem
1990 3196 2094 3229 clau-

1227 3250 1303 3282 diae
1326 3258 1344 3280 a
1371 3250 1507 3280 Nerone
1531 3248 1667 3289 accepti
1683 3248 1718 3279 in
1735 3246 1860 3284 titulis,
1885 3246 1944 3287 qui
1960 3247 2091 3286 extant,

1229 3298 1406 3331 Henzenio
1438 3299 1526 3330 teste
1551 3296 1684 3330 nullum
1707 3297 1871 3338 superest
1893 3295 2091 3336 vestigium.

311 3358 439 3394 tractu,
465 3362 671 3394 quamquam
693 3352 784 3393 apud
806 3350 966 3390 quosdam
985 3350 1176 3391 ambigitur,
1232 3366 1268 3372 —
1289 3347 1476 3390 Tarentum]
1502 3348 1692 3380 Tarentum
1714 3345 1865 3379 deducta
1889 3346 1944 3378 est
1959 3344 2094 3378 colonia

310 3404 458 3437 Puteolos
479 3403 722 3445 Salernumque
743 3404 774 3434 et
794 3400 986 3434 Bia-ventum
1009 3399 1100 3431 missi
1122 3408 1178 3432 co-
1228 3407 1260 3431 a.
1287 3407 1321 3432 u.
1347 3397 1428 3438 632,
1459 3398 1550 3430 teste
1580 3395 1712 3430 Velleio
1736 3396 1767 3435 4,
1793 3395 1846 3428 45.
1876 3412 1911 3418 -
1944 3394 2089 3437 Antium]
