2254 3770
717 285 762 328 P.
794 282 1045 333 connum
1072 282 1244 328 nom
1271 255 1542 329 ANNALIUM

238 388 419 434 modicis
449 389 695 448 penatibus,
731 396 847 434 tanto
878 390 1034 448 gaudio
1064 390 1305 449 principem
1333 389 1506 443 adfecit,
1539 396 1586 435 ut
1614 405 1700 436 non
1729 391 2034 450 temperaverit

239 464 342 522 quin
385 466 561 511 iactaret
601 472 704 525 aput
745 472 890 524 patres
925 465 1028 509 nulli
1066 472 1164 511 ante
1203 468 1491 511 Romanorum
1521 466 1717 511 eiusdem
1758 467 1910 525 fastigii
1939 467 2031 510 viro

238 541 450 598 geminam
490 542 665 600 stirpem
696 541 866 585 editam.
911 555 1010 586 nam
1040 548 1215 592 cuncta,
1257 542 1386 586 etiam
1415 541 1601 594 fortuita,
1643 542 1698 586 ad
1728 542 1908 600 gloriam
1937 557 2035 587 ver-

239 616 366 661 tebat.
419 617 497 662 sed
532 616 693 676 populo
731 617 802 661 tali
842 617 884 660 in
921 623 1114 676 tempore
1151 617 1195 661 id
1226 631 1403 676 quoque
1434 617 1628 662 dolorem
1659 618 1770 670 tulit,
1817 625 2035 677 tamquam

206 698 388 736 sauctus
416 692 563 737 liberis
593 694 758 737 Drusus
789 692 965 737 domum
994 693 1235 739 Germanici
1265 693 1402 752 magis
1432 700 1619 752 urgeret.

350 768 432 825 (85)
463 768 627 812 Eodem
656 782 766 812 anno
797 769 1001 826 gravibus
1031 775 1205 813 senatus
1235 768 1422 814 decretis
1466 769 1597 814 libido
1627 769 2036 815 feminarumco‘er-

237 842 337 894 cita,
380 849 639 903 cautumque
677 858 731 888 ne
767 851 996 903 quaestum
1036 859 1221 903 corpore
1258 844 1418 889 faceret
1457 845 1526 889 cui
1564 859 1670 889 avus
1707 851 1780 889 aut
1813 851 1939 904 pater
1964 851 2038 890 aut

237 918 413 962 maritus
458 933 594 977 eques
634 921 849 964 Romanus
886 920 1047 964 suisset.
1094 934 1193 964 nam
1222 920 1402 970 Vistilia.
1447 921 1665 978 praetoria
1694 920 1851 965 familia
1881 922 2034 979 genita,

235 993 450 1038 licentiam
483 995 617 1053 stupri
649 1002 751 1053 aput
781 995 943 1039 aediles
974 995 1242 1053 vulgaverat,
1275 1010 1394 1040 more
1417 996 1527 1040 inter
1546 1002 1715 1040 veteres
1736 1003 1928 1055 recepto,
1961 997 2035 1056 qui

187 1079 224 1110 40
237 1070 340 1113 satis
369 1084 609 1128 poenarum
638 1071 869 1115 adversum
898 1071 1123 1129 inpudicas
1154 1072 1196 1114 in
1219 1072 1312 1130 ipsa
1332 1072 1600 1130 professione
1621 1072 1766 1131 flagitii
1788 1072 2034 1118 credebant.

237 1152 432 1190 exactum
466 1152 507 1189 et
537 1160 561 1189 a
592 1146 742 1190 Titidio
772 1146 995 1199 Labeone,
1027 1147 1214 1192 Vistiliae
1243 1148 1417 1198 marito,
1451 1161 1528 1192 cur
1557 1148 1598 1190 in
1625 1162 1760 1192 uxore
1780 1147 1924 1192 delicti
1946 1163 2036 1193 ma-

236 1220 388 1266 nifesta
427 1222 631 1266 ultionem
667 1221 774 1281 legis
815 1222 1043 1266 omisisset.
1089 1229 1218 1281 atque
1255 1222 1326 1267 illo
1356 1224 1664 1281 praetendente
1695 1223 1912 1281 sexaginta
1942 1223 2036 1269 dies

237 1296 293 1340 ad
323 1297 651 1342 consultandum
681 1297 805 1342 datos
833 1298 1020 1343 necdum
1050 1298 1331 1357 praeterisse,
1370 1299 1475 1343 satis
1505 1298 1645 1343 visum
1675 1298 1730 1343 de
1760 1298 1922 1344 Vistilia
1951 1306 2037 1344 sta-

238 1379 379 1427 tuere3
412 1387 552 1432 eaque
583 1373 624 1418 in
655 1373 838 1418 insulam
868 1373 1080 1432 Seriphon
1110 1373 1255 1418 abdita
1286 1380 1363 1419 est.
1409 1381 1551 1419 actum
1582 1381 1624 1419 et
1654 1375 1709 1419 de
1740 1375 1875 1420 sacris
1896 1377 2038 1436 Aegy-

240 279 322 324 ’138

279 1475 311 1509 7.
337 1479 487 1516 questum
508 1476 542 1510 M
567 1493 603 1498 —-
631 1476 684 1510 ll.
709 1467 873 1509 exactum*
887 1476 1113 1509 Vertranius:
1138 1479 1262 1509 emacta
1284 1476 1316 1509 M
1335 1493 1371 1499 -
1396 1476 1521 1510 uistilie
1542 1476 1576 1511 M
1597 1494 1634 1501 -
1663 1476 1717 1511 ⁴2.
1744 1476 1918 1510 amississet
1939 1478 1974 1512 M
1997 1495 2035 1501 —

236 1532 288 1566 ⁴3.
315 1533 397 1565 satis
419 1541 511 1566 corr.
537 1533 590 1566 M:
615 1533 690 1566 sitis
709 1541 763 1575 pr.
789 1533 842 1573 M;
867 1534 976 1566 satius
997 1533 1117 1566 Ritter.
1145 1549 1182 1555 —
1213 1531 1266 1567 ⁴4.
1291 1541 1397 1579 eaque
1419 1533 1463 1567 M.

233 1621 317 1654 EST
325 1621 361 1653 in
374 1621 430 1654 via
442 1619 641 1653 Flaminia.»
653 1621 791 1653 Ecxam.
807 1621 848 1654 D.
862 1622 903 1654 N.
913 1621 970 1662 VI,
984 1629 1019 1663 p.
1031 1620 1108 1653 207.

238 1690 274 1695 —
291 1672 431 1705 modicis
447 1671 632 1714 penatibus]
656 1668 867 1719 ῥητορικῶς
890 1681 955 1715 pro
972 1670 1111 1705 familiis

235 1721 425 1755 mediocris
448 1721 621 1755 fortunae.
644 1738 681 1745 —
707 1721 953 1764 temperaverit]
976 1731 1016 1755 se
1040 1729 1111 1754 non

235 1772 459 1812 continuerit,
486 1773 524 1804 ut
540 1771 572 1814 3,
591 1772 651 1805 67:
676 1781 745 1805 non
767 1775 969 1814 temperante
985 1771 1112 1804 Tiberio

235 1822 317 1863 quin
331 1824 511 1862 premeret.

278 1871 333 1904 85.
362 1871 507 1911 Vistilia,
534 1872 715 1912 praetoria
735 1872 871 1914 familia
890 1871 1015 1914 yenita]
1042 1870 1113 1904 filia

235 1921 385 1955 fortasse
409 1922 486 1954 Sex.
506 1921 628 1954 Vistilii
651 1923 818 1965 praetorii
845 1923 888 1965 (6,
908 1923 951 1963 9).
972 1940 1009 1946 —
1031 1925 1116 1963 aput

235 1973 358 2005 aediles
371 1972 582 2014 vulgaverat]
600 1973 636 2005 id
652 1975 718 2013 est,
736 1973 895 2015 professa
914 1974 990 2006 erat
1006 1981 1114 2015 quae-

235 2024 331 2056 stum
362 2024 621 2063 meretricium,
653 2026 780 2066 petens
813 2025 853 2056 ut
881 2025 916 2056 in
947 2024 1113 2057 meretri-

236 2082 318 2106 cum
336 2073 457 2107 album
473 2073 678 2107 referretur.
706 2075 790 2107 «Cui
807 2074 1016 2116 professioni
1033 2083 1115 2107 con-

236 2133 410 2167 sequens,
441 2126 480 2157 ut
507 2125 583 2158 iure
617 2124 763 2158 cederet
786 2127 822 2157 et-
844 2125 1010 2167 dignitate
1034 2133 1114 2157 ma-

235 2173 378 2213 tronali,
404 2175 524 2215 etiam,
548 2176 588 2208 ut
607 2176 744 2217 opinor,
769 2175 1000 2214 ornamentis,
1026 2183 1113 2207 cen-

236 2227 446 2267 sereturque
474 2226 567 2258 inter
596 2227 743 2268 togatas.
779 2227 922 2259 Sueton.
947 2224 1024 2258 Tib.
1049 2225 1109 2258 35:

236 2277 391 2309 Feminae
411 2276 576 2318 famosae,
601 2280 640 2309 ut
661 2278 705 2309 ad
719 2278 896 2310 evitandas
909 2277 1020 2319 leyum
1029 2284 1114 2317 poe—

236 2335 300 2359 nas
321 2328 396 2359 iure
418 2329 450 2358 et
471 2327 634 2368 diynitate
647 2328 831 2360 matronali
849 2327 1112 2366 eoesolverentur,

237 2377 437 2410 lenocinium
463 2378 617 2419 profiteri
651 2370 845 2419 cooperiant,-
869 2395 889 2401 -
903 2395 922 2401 —
937 2385 1040 2418 quas,
1071 2385 1113 2409 ne

238 2427 326 2468 quod
353 2427 523 2468 refugitum
550 2427 585 2459 in
612 2428 674 2460 tali
694 2428 816 2469 fraude
838 2428 997 2468 aliquam
1019 2430 1111 2468 esset,

237 2478 357 2511 exsilio
386 2479 529 2519 affecit.»
554 2479 640 2511 Lirs.
679 2479 892 2512 Lenocinium
914 2480 1035 2511 autem
1058 2478 1114 2510 in·-

239 2527 354 2568 tellige
394 2529 429 2559 et
467 2528 600 2570 proprii
638 2529 796 2570 corporis
835 2529 869 2561 et
908 2527 1112 2561 ancillarum

237 2579 372 2619 stupra.
400 2578 554 2610 Pertinet
576 2578 646 2610 hue
668 2577 768 2610 locus
785 2579 964 2620 Papiniani
979 2579 1112 2619 Digest.

238 2627 299 2668 48,
324 2628 364 2668 ὅ,
391 2628 451 2660 ⁴0:
486 2628 628 2669 Mulier,
665 2637 750 2669 quae
783 2629 959 2661 evitandae
986 2637 1116 2670 poenae

239 2678 398 2711 adulterii
419 2679 536 2721 qratia
557 2679 757 2713 lenocinium
778 2679 893 2720 fecerit
915 2682 976 2711 aut
998 2687 1116 2720 operas

237 2738 316 2762 suas
345 2729 381 2761 in
409 2738 542 2761 scenam
564 2730 744 2770 locaverit,
780 2730 938 2762 adulterii
960 2730 1115 2761 accusari

238 2781 461 2821 damnarique
481 2789 526 2812 em
547 2783 682 2813 senatus
704 2781 852 2813 consulto
868 2783 987 2821 potest.
1012 2779 1116 2822 Apud

239 2829 372 2864 aediles
395 2831 514 2862 autem
539 2831 617 2862 erat
638 2829 862 2872 lupanarium
886 2830 1116 2872 popinarum-

239 2890 309 2923 que
326 2889 424 2914 cura.
440 2898 476 2903 —
494 2880 662 2922 eaeactum]
681 2890 699 2913 a
717 2882 883 2923 praetore
900 2881 1114 2922 quaesitum.

243 2950 278 2955 —
307 2931 423 2963 Titidio
445 2929 604 2973 Labeone]
637 2930 765 2963 Plinius
792 2932 834 2964 N.
860 2931 901 2963 H.
926 2930 980 2970 35,
1007 2930 1027 2972 ἓ
1051 2930 1113 2962 20:

238 2981 359 3014 Parvis
392 2979 604 3023 =qloriabatur
637 2980 764 3013 tabellis
794 2981 827 3023 (a
851 2989 891 3013 se
914 2979 1029 3022 pictis)
1053 2987 1117 3012 ex-

240 3032 379 3065 stinctus
400 3039 508 3072 ntiper
528 3032 565 3064 in
587 3031 689 3073 lonya
709 3034 839 3063 senecta
857 3031 996 3064 Titidius
1009 3029 1117 3063 Labeo
1135 3023 1137 3027 ⁴

236 3083 441 3125 praetorius,
458 3082 561 3114 etiam
570 3082 813 3122 proconsulatu
822 3082 1020 3122 provinciae
1028 3081 1118 3114 Nar-

240 3133 391 3165 bonensis
411 3133 564 3174 functus,
589 3132 646 3164 sed
666 3140 708 3164 ea
729 3140 767 3163 re
788 3132 896 3165 inrisu
911 3134 942 3163 et
956 3131 1026 3163 iam
1040 3139 1117 3163 con-

241 3183 395 3216 tumeliae
423 3185 508 3215 erat.
540 3199 577 3205 —
609 3181 767 3214 ultionem
795 3181 886 3223 legis]
917 3180 1117 3214 accusatio-

242 3241 326 3265 nem
361 3241 404 3264 ex
438 3231 514 3273 lege
546 3230 630 3264 iulia
660 3231 706 3264 de
730 3230 923 3264 adulteriis.
950 3248 986 3254 -
1012 3239 1116 3263 sexa-

240 3283 336 3324 qima
358 3281 436 3323 dies]
460 3282 525 3314 Tot
546 3281 623 3315 dies
647 3280 719 3314 dati
743 3282 845 3314 erant
867 3289 908 3313 ea
927 3279 1005 3322 lege
1022 3289 1042 3312 a
1059 3279 1115 3312 die

243 3331 380 3364 divortii
404 3331 531 3363 marito
555 3331 599 3364 ad
623 3330 878 3365 accusandum.
906 3330 1116 3372 Papinianus

242 3383 278 3415 in
306 3382 438 3423 Digest.
470 3381 529 3423 48,
561 3383 599 3423 5,
627 3382 688 3415 ll:
721 3381 911 3424 Sexaginta
940 3382 1025 3421 dies,
1061 3382 1118 3422 qui

241 3433 367 3466 marito
400 3432 498 3466 utiles
530 3434 784 3475 conmutantur,
821 3431 954 3474 for-iacis
987 3425 1136 3472 quoque)

1158 1620 1290 1662 diebus,
1323 1621 1352 1654 si
1372 1621 1469 1654 modo
1490 1621 1688 1663 facultatem
1703 1621 1872 1663 praesidis
1892 1622 2039 1657 adeundi

1158 1673 1339 1705 accusator
1366 1670 1501 1711 habuit,
1537 1673 1712 1704 numerari
1745 1674 1873 1705 certum
1905 1675 1964 1705 est.
1998 1691 2035 1696 —

1157 1723 1194 1756 in
1213 1722 1361 1755 insulam
1382 1722 1554 1765 Seriphon]
1580 1721 1679 1755 Conf.
1697 1720 1731 1763 4,
1748 1723 1804 1755 2⁴:
1830 1723 2040 1757 CassiusSe-

1157 1781 1258 1805 verus
1279 1772 1315 1804 in
1337 1780 1424 1804 saxo
1446 1772 1598 1813 Seriphio
1621 1772 1822 1805 consenuit.'
1838 1772 1950 1806 Hodie
1973 1782 2040 1806 vo-

1161 1824 1261 1856 catur
1276 1823 1424 1866 Serttno,
1449 1821 1524 1863 vel,
1550 1823 1590 1854 ut
1607 1821 1663 1855 alii
1686 1823 1800 1864 aiunt,
1825 1823 1934 1865 Serfo,
1957 1823 2040 1856 Ser-

1157 1875 1264 1916 fanto.
1289 1873 1341 1906 De
1365 1881 1404 1905 re
1422 1872 1466 1905 cf.
1485 1881 1517 1905 c.
1535 1872 1590 1905 50.
1610 1889 1643 1894 —
1672 1872 1799 1915 abdita]
1823 1881 1868 1906 ex
1882 1873 2039 1906 humana

1161 1925 1331 1958 societate
1356 1924 1456 1965 quasi
1480 1922 1638 1965 expulsa.
1667 1941 1703 1947 —
1727 1925 1837 1957 sacris
1857 1924 2038 1967 Aegyptiis]

1160 1973 1316 2015 Intellige
1340 1973 1441 2007 lsidis
1465 1972 1600 2006 cultum
1621 1972 1704 2006 inde
1728 1982 1749 2005 a
1764 1972 1879 2006 Sullae
1902 1975 2040 2017 tempo—

1160 2024 1260 2057 ribus
1284 2023 1379 2066 apud
1402 2024 1580 2056 Romanos
1603 2022 1836 2056 celebratum.
1861 2022 1986 2057 Tibull.
2004 2024 2037 2061 4,

1161 2076 1193 2115 3,
1211 2075 1266 2108 23.
1292 2074 1469 2115 Boettiger
1483 2073 1612 2106 Sabina
1626 2074 1659 2113 1,
1677 2082 1712 2116 p.
1729 2073 1806 2107 232.
1828 2074 1936 2107 noun.
1962 2075 2039 2107 Non

1161 2127 1245 2158 tunc
1274 2124 1430 2166 primum
1454 2124 1574 2156 actum
1598 2124 1664 2156 est.
1701 2125 1790 2156 Nam
1813 2125 1849 2156 et
1870 2124 2036 2167 Agrippa,

1160 2175 1362 2219 praefectus
1384 2174 1465 2207 urbi
1488 2174 1534 2207 ab
1550 2175 1723 2216 Augusto,
1749 2183 1849 2208 sacra
1866 2175 2038 2217 Aegyptia

1160 2226 1333 2269 repressit
1356 2225 1489 2266 edicto,
1514 2233 1560 2258 ne
1583 2227 1662 2267 quis
1687 2234 1730 2258 ea
1752 2226 1843 2258 intra
1863 2226 2040 2267 quingen-

1160 2279 1215 2311 tos
1239 2276 1284 2309 ab
1308 2275 1398 2309 urbe
1421 2284 1549 2318 passus
1572 2277 1774 2317 exerceret,
1804 2284 1836 2309 a.
1862 2276 1938 2309 733.
1973 2276 2038 2309 Dio

1161 2327 1221 2367 54,
1247 2327 1279 2359 6.
1317 2326 1387 2358 Sed
1411 2325 1456 2358 de
1478 2326 1549 2358 hoc
1563 2325 1750 2358 Tiberiano
1767 2325 1883 2359 edicto
1899 2326 2040 2368 capien-

1162 2376 1229 2410 dus
1253 2377 1388 2409 Seneca
1412 2376 1476 2418 Ep.
1502 2375 1584 2415 408,
1610 2375 1670 2408 2⁴:
1707 2375 1765 2408 His
1791 2384 1851 2418 eqo
1875 2376 2038 2416 (Sotionis

1163 2424 1381 2470 praeceptis)
1415 2425 1591 2458 instinctus
1632 2425 1797 2458 abstinere
1834 2425 2039 2459 animalibus

1163 2478 1253 2518 coepi
1274 2479 1307 2509 et
1328 2485 1418 2508 anno
1434 2478 1575 2517 peracto
1598 2484 1665 2508 non
1687 2479 1832 2509 tantum·
1839 2476 1951 2518 facilis
1964 2480 2039 2510 erat

1161 2527 1244 2560 mihi
1266 2526 1485 2566 consuetude,
1511 2526 1567 2558 sed
1590 2526 1707 2558 dulcis.
1725 2544 1744 2550 -
1756 2543 1776 2550 -
1792 2527 1934 2567 Quaeris
1952 2535 2038 2569 quo-

1161 2578 1260 2610 modo
1282 2577 1464 2609 desierim?
1486 2577 1525 2608 In
1549 2576 1667 2610 Tiberii
1688 2576 1843 2610 Caesaris
1862 2577 2039 2618 principa—

1164 2630 1235 2659 tum
1266 2628 1422 2659 iuventae
1459 2629 1586 2667 tempus
1621 2627 1796 2660 inciderat.
1845 2627 2039 2669 Alienigena

1164 2680 1234 2709 tum
1256 2685 1357 2709 sacra
1376 2675 1622 2716 movebantur,
1644 2676 1700 2709 sed
1729 2677 1818 2709 inter
1838 2680 2040 2718 argmenta

1163 2727 1406 2767 superstitionis
1432 2725 1622 2766 ponebatur
1655 2726 1869 2767 quorundam
1903 2726 2040 2759 anima-

1164 2777 1246 2809 lium
1279 2776 1489 2809 abstinentia.
1537 2778 1693 2819 Apparet
1726 2785 1810 2809 eum
1844 2775 2039 2818 intelligere

1167 2827 1273 2860 etiam
1302 2826 1443 2859 Iudaica
1474 2835 1595 2867 sacra,
1629 2827 1689 2869 qui
1712 2825 1939 2859 abstinebant
1961 2828 2040 2860 ani-

1167 2877 1319 2911 malibus
1335 2877 1569 2919 quibusdam,
1594 2878 1634 2910 ut
1648 2885 1725 2910 sue.
1742 2877 1830 2909 Lus.
1862 2877 1914 2910 De
1937 2877 2038 2912 Isidis

1166 2927 1413 2962 sacerdotibus
1450 2936 1471 2960 a
1507 2926 1648 2960 Tiberio
1686 2927 1723 2960 in
1757 2935 1902 2961 crucem
1936 2929 2037 2969 actis,

1166 2979 1255 3012 deae
1279 2977 1469 3012 simulacro
1492 2978 1528 3011 in
1543 2977 1699 3011 Tiberim
1720 2977 1880 3019 abiecto,
1905 2978 2038 3022 templo

1166 3029 1347 3063 destructo
1386 3027 1629 3062 memorabilis
1665 3029 1720 3062 est
1753 3030 1908 3062 narratio
1941 3030 2038 3072 apud

1166 3079 1357 3122 losephum
1379 3079 1419 3112 A.
1446 3078 1506 3119 ⁴8,
1525 3079 1564 3120 3,
1581 3077 1614 3112 4.
1646 3079 1818 3112 Saevitiae
1834 3081 1954 3113 autem
1969 3080 2038 3113 hu-

1164 3130 1263 3162 iusce
1288 3137 1395 3162 causa
1419 3130 1513 3169 erat,
1547 3128 1643 3170 quod
1666 3129 1817 3162 consciis
1838 3128 2038 3162 sacerdoti-

1166 3179 1234 3212 bus
1255 3179 1426 3219 Mundus,
1452 3187 1565 3220 eques
1581 3179 1775 3220 Romanus,
1800 3178 1939 3213 Anubin
1955 3189 2037 3214 sese

1166 3229 1355 3269 simulans,
1378 3228 1570 3270 Paulinam,
1589 3228 1760 3263 illustrem
1775 3229 1955 3271 feminam,
1980 3239 2038 3264 su·

1167 3281 1373 3324 perstitione
1397 3281 1506 3314 lsiaca
1531 3280 1737 3323 deceptam,
1765 3280 1800 3313 iu
1823 3279 1881 3314 illo
1903 3281 2036 3324 templo

1166 3332 1401 3374 stupraverat.
1428 3349 1464 3354 —
1496 3334 1534 3364 ut
1560 3333 1722 3372 quattuor
1746 3331 1842 3364 milia
1869 3331 1950 3374 cet]
1980 3333 2037 3365 Io-

1167 3382 1300 3425 sephus
1323 3380 1344 3414 l.
1363 3380 1386 3414 l.
1411 3381 1430 3423 5
1450 3382 1470 3414 ὅ
1494 3381 1643 3415 ludaeos
1667 3379 1833 3424 expulsos
1857 3390 1937 3415 esse
1953 3391 2038 3415 nar-

1164 3434 1218 3465 rat
1240 3433 1386 3476 propter
1414 3431 1586 3474 Fulviam,
1617 3430 1773 3466 nobilem
1803 3432 1991 3475 feminam,
2015 3443 2036 3467 a
