<?xml version="1.0" encoding="UTF-8"?>
<!DOCTYPE html PUBLIC "-//W3C//DTD XHTML 1.0 Transitional//EN"
    "http://www.w3.org/TR/xhtml1/DTD/xhtml1-transitional.dtd">
<html xmlns="http://www.w3.org/1999/xhtml" xml:lang="en" lang="en">
 <head>
  <title>
</title>
<meta http-equiv="Content-Type" content="text/html;charset=utf-8" />
  <meta name='ocr-system' content='tesseract 3.04.00' />
  <meta name='ocr-capabilities' content='ocr_page ocr_carea ocr_par ocr_line ocrx_word'/>
</head>
<body>
  <div class='ocr_page' id='page_1' title='image "./pcorneliitacitio01taciuoft_0294.png"; bbox 0 0 2254 3770; ppageno 0'>
   <div class='ocr_carea' id='block_1_1' title="bbox 293 281 1594 334">
    <p class='ocr_par' dir='ltr' id='par_1_1' title="bbox 293 281 1594 334">
     <span class='ocr_line' id='line_1_1' title="bbox 293 281 1594 334; baseline 0.003 -10"><span class='ocrx_word' id='word_1_1' title='bbox 293 281 376 324; x_wconf 77' lang='lat'>256</span> <span class='ocrx_word' id='word_1_2' title='bbox 773 284 815 326; x_wconf 87' lang='lat' dir='ltr'>P.</span> <span class='ocrx_word' id='word_1_3' title='bbox 848 282 1098 334; x_wconf 89' lang='lat' dir='ltr'>CORNELII</span> <span class='ocrx_word' id='word_1_4' title='bbox 1127 283 1297 328; x_wconf 82' lang='lat' dir='ltr'>TACITI</span> <span class='ocrx_word' id='word_1_5' title='bbox 1327 284 1594 330; x_wconf 85' lang='lat' dir='ltr'>ANNALIUM</span> 
     </span>
    </p>
   </div>
   <div class='ocr_carea' id='block_1_2' title="bbox 237 389 2087 1967">
    <p class='ocr_par' dir='ltr' id='par_1_2' title="bbox 237 389 2087 1967">
     <span class='ocr_line' id='line_1_2' title="bbox 295 389 2083 451; baseline 0.004 -20"><span class='ocrx_word' id='word_1_6' title='bbox 295 401 345 432; x_wconf 90' lang='lat' dir='ltr'>ac</span> <span class='ocrx_word' id='word_1_7' title='bbox 385 402 519 433; x_wconf 87' lang='lat' dir='ltr'>novos</span> <span class='ocrx_word' id='word_1_8' title='bbox 555 396 744 434; x_wconf 88' lang='lat' dir='ltr'>terrores</span> <span class='ocrx_word' id='word_1_9' title='bbox 786 389 985 434; x_wconf 86' lang='lat' dir='ltr'>cumulat.</span> <span class='ocrx_word' id='word_1_10' title='bbox 1031 390 1182 435; x_wconf 90' lang='lat' dir='ltr'>eadem</span> <span class='ocrx_word' id='word_1_11' title='bbox 1214 390 1283 435; x_wconf 91' lang='lat' dir='ltr'>ille</span> <span class='ocrx_word' id='word_1_12' title='bbox 1314 397 1356 434; x_wconf 91' lang='lat' dir='ltr'>et</span> <span class='ocrx_word' id='word_1_13' title='bbox 1386 391 1565 444; x_wconf 91' lang='lat' dir='ltr'>diutius,</span> <span class='ocrx_word' id='word_1_14' title='bbox 1599 399 1757 451; x_wconf 86' lang='lat' dir='ltr'>quanto</span> <span class='ocrx_word' id='word_1_15' title='bbox 1787 400 1968 446; x_wconf 89' lang='lat' dir='ltr'>maesta,</span> <span class='ocrx_word' id='word_1_16' title='bbox 2008 394 2083 439; x_wconf 91' lang='lat' dir='ltr'>ubi</span> 
     </span>
     <span class='ocr_line' id='line_1_3' title="bbox 293 463 2085 525; baseline 0.004 -18"><span class='ocrx_word' id='word_1_17' title='bbox 293 463 425 508; x_wconf 90' lang='lat' dir='ltr'>semel</span> <span class='ocrx_word' id='word_1_18' title='bbox 455 479 714 524; x_wconf 82' lang='lat' dir='ltr'>prorupere,</span> <span class='ocrx_word' id='word_1_19' title='bbox 746 465 960 510; x_wconf 89' lang='lat' dir='ltr'>difficilius</span> <span class='ocrx_word' id='word_1_20' title='bbox 992 466 1236 511; x_wconf 81' lang='lat' dir='ltr'>reticentur.</span> <span class='ocrx_word' id='word_1_21' title='bbox 1275 475 1503 525; x_wconf 91' lang='lat' dir='ltr'>properata</span> <span class='ocrx_word' id='word_1_22' title='bbox 1533 468 1632 512; x_wconf 89' lang='lat' dir='ltr'>inde</span> <span class='ocrx_word' id='word_1_23' title='bbox 1655 469 1888 520; x_wconf 83' lang='lat' dir='ltr'>accusatio,</span> <span class='ocrx_word' id='word_1_24' title='bbox 1921 470 2085 514; x_wconf 89' lang='lat' dir='ltr'>missis-</span> 
     </span>
     <span class='ocr_line' id='line_1_4' title="bbox 293 541 2083 601; baseline 0.003 -18"><span class='ocrx_word' id='word_1_25' title='bbox 293 553 379 598; x_wconf 90' lang='lat' dir='ltr'>que</span> <span class='ocrx_word' id='word_1_26' title='bbox 401 541 454 584; x_wconf 93' lang='lat' dir='ltr'>ad</span> <span class='ocrx_word' id='word_1_27' title='bbox 472 542 699 586; x_wconf 90' lang='lat' dir='ltr'>Caesarem</span> <span class='ocrx_word' id='word_1_28' title='bbox 717 541 867 586; x_wconf 89' lang='lat' dir='ltr'>litteris</span> <span class='ocrx_word' id='word_1_29' title='bbox 889 541 1083 586; x_wconf 88' lang='lat' dir='ltr'>ordinem</span> <span class='ocrx_word' id='word_1_30' title='bbox 1106 542 1266 586; x_wconf 87' lang='lat' dir='ltr'>fraudis</span> <span class='ocrx_word' id='word_1_31' title='bbox 1287 556 1502 601; x_wconf 90' lang='lat' dir='ltr'>suumque</span> <span class='ocrx_word' id='word_1_32' title='bbox 1523 543 1604 601; x_wconf 91' lang='lat' dir='ltr'>ipsi</span> <span class='ocrx_word' id='word_1_33' title='bbox 1628 543 1818 589; x_wconf 90' lang='lat' dir='ltr'>dedecus</span> <span class='ocrx_word' id='word_1_34' title='bbox 1839 558 2083 590; x_wconf 87' lang='lat' dir='ltr'>narravere.</span> 
     </span>
     <span class='ocr_line' id='line_1_5' title="bbox 292 615 2083 679; baseline 0.004 -21"><span class='ocrx_word' id='word_1_35' title='bbox 292 629 377 659; x_wconf 93' lang='lat' dir='ltr'>non</span> <span class='ocrx_word' id='word_1_36' title='bbox 408 615 512 660; x_wconf 87' lang='lat' dir='ltr'>alias</span> <span class='ocrx_word' id='word_1_37' title='bbox 542 618 676 675; x_wconf 81' lang='lat' dir='ltr'>magis</span> <span class='ocrx_word' id='word_1_38' title='bbox 707 617 831 661; x_wconf 88' lang='lat' dir='ltr'>anxia</span> <span class='ocrx_word' id='word_1_39' title='bbox 862 624 903 661; x_wconf 94' lang='lat' dir='ltr'>et</span> <span class='ocrx_word' id='word_1_40' title='bbox 931 632 1094 676; x_wconf 91' lang='lat' dir='ltr'>pavens</span> <span class='ocrx_word' id='word_1_41' title='bbox 1125 618 1290 670; x_wconf 89' lang='lat' dir='ltr'>civitas,</span> <span class='ocrx_word' id='word_1_42' title='bbox 1324 632 1372 662; x_wconf 91' lang='lat' dir='ltr'>se</span> <span class='ocrx_word' id='word_1_43' title='bbox 1403 624 1552 677; x_wconf 83' lang='lat' dir='ltr'>tegens</span> <span class='ocrx_word' id='word_1_44' title='bbox 1583 619 1813 664; x_wconf 89' lang='lat' dir='ltr'>adversum</span> <span class='ocrx_word' id='word_1_45' title='bbox 1843 621 2083 679; x_wconf 86' lang='lat' dir='ltr'>proximos:</span> 
     </span>
     <span class='ocr_line' id='line_1_6' title="bbox 260 692 2087 755; baseline 0.005 -24"><span class='ocrx_word' id='word_1_46' title='bbox 260 701 568 750; x_wconf 69' lang='lat' dir='ltr'>scongressus‚</span> <span class='ocrx_word' id='word_1_47' title='bbox 604 692 850 751; x_wconf 89' lang='lat' dir='ltr'>conloquia,</span> <span class='ocrx_word' id='word_1_48' title='bbox 883 700 1010 738; x_wconf 91' lang='lat' dir='ltr'>notae</span> <span class='ocrx_word' id='word_1_49' title='bbox 1041 694 1300 752; x_wconf 79' lang='lat' dir='ltr'>ignotaeque</span> <span class='ocrx_word' id='word_1_50' title='bbox 1332 708 1459 738; x_wconf 90' lang='lat' dir='ltr'>aures</span> <span class='ocrx_word' id='word_1_51' title='bbox 1490 695 1632 748; x_wconf 82' lang='lat' dir='ltr'>vitari3</span> <span class='ocrx_word' id='word_1_52' title='bbox 1664 696 1791 740; x_wconf 90' lang='lat' dir='ltr'>etiam</span> <span class='ocrx_word' id='word_1_53' title='bbox 1820 702 1936 740; x_wconf 89' lang='lat' dir='ltr'>muta</span> <span class='ocrx_word' id='word_1_54' title='bbox 1957 704 2087 755; x_wconf 89' lang='lat' dir='ltr'>atque</span> 
     </span>
     <span class='ocr_line' id='line_1_7' title="bbox 293 769 2086 828; baseline 0.003 -18"><span class='ocrx_word' id='word_1_55' title='bbox 293 769 489 819; x_wconf 90' lang='lat' dir='ltr'>inanima,</span> <span class='ocrx_word' id='word_1_56' title='bbox 512 775 671 813; x_wconf 89' lang='lat' dir='ltr'>tectum</span> <span class='ocrx_word' id='word_1_57' title='bbox 693 776 735 812; x_wconf 91' lang='lat' dir='ltr'>et</span> <span class='ocrx_word' id='word_1_58' title='bbox 755 769 942 827; x_wconf 89' lang='lat' dir='ltr'>parietes</span> <span class='ocrx_word' id='word_1_59' title='bbox 965 769 1445 827; x_wconf 88' lang='lat' dir='ltr'>circumspectabantur.</span> <span class='ocrx_word' id='word_1_60' title='bbox 1483 771 1564 828; x_wconf 89' lang='lat'><strong>(70)</strong></span> <span class='ocrx_word' id='word_1_61' title='bbox 1586 770 1664 815; x_wconf 89' lang='lat' dir='ltr'>sed</span> <span class='ocrx_word' id='word_1_62' title='bbox 1686 771 1845 815; x_wconf 91' lang='lat' dir='ltr'>Caesar</span> <span class='ocrx_word' id='word_1_63' title='bbox 1865 771 2086 816; x_wconf 88' lang='lat' dir='ltr'>sollemnia</span> 
     </span>
     <span class='ocr_line' id='line_1_8' title="bbox 294 843 2084 904; baseline 0.003 -18"><span class='ocrx_word' id='word_1_64' title='bbox 294 844 535 902; x_wconf 89' lang='lat' dir='ltr'>incipientis</span> <span class='ocrx_word' id='word_1_65' title='bbox 573 845 670 888; x_wconf 88' lang='lat' dir='ltr'>anni</span> <span class='ocrx_word' id='word_1_66' title='bbox 701 843 894 888; x_wconf 87' lang='lat' dir='ltr'>kalendis</span> <span class='ocrx_word' id='word_1_67' title='bbox 925 845 1134 888; x_wconf 89' lang='lat' dir='ltr'>Ianuariis</span> <span class='ocrx_word' id='word_1_68' title='bbox 1164 845 1347 903; x_wconf 89' lang='lat' dir='ltr'>epistula</span> <span class='ocrx_word' id='word_1_69' title='bbox 1377 852 1599 904; x_wconf 88' lang='lat' dir='ltr'>precatus,</span> <span class='ocrx_word' id='word_1_70' title='bbox 1637 847 1766 894; x_wconf 74' lang='lat' dir='ltr'>vvertit</span> <span class='ocrx_word' id='word_1_71' title='bbox 1794 848 1835 890; x_wconf 92' lang='lat' dir='ltr'>in</span> <span class='ocrx_word' id='word_1_72' title='bbox 1867 846 2084 900; x_wconf 87' lang='lat' dir='ltr'>Sabinum,</span> 
     </span>
     <span class='ocr_line' id='line_1_9' title="bbox 293 919 2085 981; baseline 0.003 -19"><span class='ocrx_word' id='word_1_73' title='bbox 293 926 518 977; x_wconf 89' lang='lat' dir='ltr'>corruptos</span> <span class='ocrx_word' id='word_1_74' title='bbox 548 919 761 978; x_wconf 90' lang='lat' dir='ltr'>quosdam</span> <span class='ocrx_word' id='word_1_75' title='bbox 793 919 1043 965; x_wconf 89' lang='lat' dir='ltr'>libertorum</span> <span class='ocrx_word' id='word_1_76' title='bbox 1073 927 1115 964; x_wconf 89' lang='lat' dir='ltr'>et</span> <span class='ocrx_word' id='word_1_77' title='bbox 1144 921 1323 978; x_wconf 89' lang='lat' dir='ltr'>petitum</span> <span class='ocrx_word' id='word_1_78' title='bbox 1345 935 1392 965; x_wconf 93' lang='lat' dir='ltr'>se</span> <span class='ocrx_word' id='word_1_79' title='bbox 1414 925 1619 980; x_wconf 69' lang='lat' dir='ltr'>arguens,</span> <span class='ocrx_word' id='word_1_80' title='bbox 1653 921 1946 981; x_wconf 84' lang='lat' dir='ltr'>ultionemque</span> <span class='ocrx_word' id='word_1_81' title='bbox 1968 923 2085 968; x_wconf 87' lang='lat' dir='ltr'>haud</span> 
     </span>
     <span class='ocr_line' id='line_1_10' title="bbox 293 995 2083 1054; baseline 0.003 -15"><span class='ocrx_word' id='word_1_82' title='bbox 293 996 478 1040; x_wconf 87' lang='lat' dir='ltr'>obscure</span> <span class='ocrx_word' id='word_1_83' title='bbox 509 995 728 1053; x_wconf 89' lang='lat' dir='ltr'>poscebat.</span> <span class='ocrx_word' id='word_1_84' title='bbox 758 1010 839 1040; x_wconf 90' lang='lat' dir='ltr'>nec</span> <span class='ocrx_word' id='word_1_85' title='bbox 868 1010 988 1040; x_wconf 86' lang='lat' dir='ltr'>mora</span> <span class='ocrx_word' id='word_1_86' title='bbox 1018 996 1120 1054; x_wconf 90' lang='lat' dir='ltr'>quin</span> <span class='ocrx_word' id='word_1_87' title='bbox 1141 996 1470 1050; x_wconf 83' lang='lat' dir='ltr'>decerneretur3</span> <span class='ocrx_word' id='word_1_88' title='bbox 1503 1005 1545 1042; x_wconf 92' lang='lat' dir='ltr'>et</span> <span class='ocrx_word' id='word_1_89' title='bbox 1572 997 1819 1042; x_wconf 89' lang='lat' dir='ltr'>trahebatur</span> <span class='ocrx_word' id='word_1_90' title='bbox 1848 998 2083 1052; x_wconf 89' lang='lat' dir='ltr'>damnatus,</span> 
     </span>
     <span class='ocr_line' id='line_1_11' title="bbox 246 1071 2085 1132; baseline 0.002 -17"><span class='ocrx_word' id='word_1_91' title='bbox 246 1078 498 1130; x_wconf 69' lang='lat' dir='ltr'>loquantum</span> <span class='ocrx_word' id='word_1_92' title='bbox 528 1071 715 1115; x_wconf 87' lang='lat' dir='ltr'>obducta</span> <span class='ocrx_word' id='word_1_93' title='bbox 744 1078 864 1116; x_wconf 87' lang='lat' dir='ltr'>veste</span> <span class='ocrx_word' id='word_1_94' title='bbox 897 1078 939 1116; x_wconf 95' lang='lat' dir='ltr'>et</span> <span class='ocrx_word' id='word_1_95' title='bbox 968 1071 1182 1116; x_wconf 88' lang='lat' dir='ltr'>adstrictis</span> <span class='ocrx_word' id='word_1_96' title='bbox 1213 1072 1408 1116; x_wconf 88' lang='lat' dir='ltr'>faucibus</span> <span class='ocrx_word' id='word_1_97' title='bbox 1438 1074 1512 1116; x_wconf 92' lang='lat' dir='ltr'>niti</span> <span class='ocrx_word' id='word_1_98' title='bbox 1542 1081 1727 1132; x_wconf 89' lang='lat' dir='ltr'>poterat,</span> <span class='ocrx_word' id='word_1_99' title='bbox 1771 1074 1990 1119; x_wconf 90' lang='lat' dir='ltr'>clamitans</span> <span class='ocrx_word' id='word_1_100' title='bbox 2022 1076 2085 1120; x_wconf 86' lang='lat' dir='ltr'>sic</span> 
     </span>
     <span class='ocr_line' id='line_1_12' title="bbox 293 1146 2084 1210; baseline 0.003 -20"><span class='ocrx_word' id='word_1_101' title='bbox 293 1149 482 1206; x_wconf 87' lang='lat' dir='ltr'>inchoari</span> <span class='ocrx_word' id='word_1_102' title='bbox 513 1161 689 1199; x_wconf 90' lang='lat' dir='ltr'>annum,</span> <span class='ocrx_word' id='word_1_103' title='bbox 721 1146 799 1192; x_wconf 89' lang='lat' dir='ltr'>has</span> <span class='ocrx_word' id='word_1_104' title='bbox 831 1147 986 1191; x_wconf 87' lang='lat' dir='ltr'>Seiano</span> <span class='ocrx_word' id='word_1_105' title='bbox 1018 1148 1210 1192; x_wconf 88' lang='lat' dir='ltr'>victimas</span> <span class='ocrx_word' id='word_1_106' title='bbox 1231 1149 1400 1192; x_wconf 88' lang='lat' dir='ltr'>cadere.</span> <span class='ocrx_word' id='word_1_107' title='bbox 1432 1163 1519 1207; x_wconf 90' lang='lat' dir='ltr'>quo</span> <span class='ocrx_word' id='word_1_108' title='bbox 1539 1149 1792 1194; x_wconf 91' lang='lat' dir='ltr'>intendisset</span> <span class='ocrx_word' id='word_1_109' title='bbox 1813 1150 1973 1203; x_wconf 89' lang='lat' dir='ltr'>oculos,</span> <span class='ocrx_word' id='word_1_110' title='bbox 1996 1165 2084 1210; x_wconf 94' lang='lat' dir='ltr'>quo</span> 
     </span>
     <span class='ocr_line' id='line_1_13' title="bbox 291 1223 2085 1285; baseline 0.002 -18"><span class='ocrx_word' id='word_1_111' title='bbox 291 1223 425 1267; x_wconf 88' lang='lat' dir='ltr'>verba</span> <span class='ocrx_word' id='word_1_112' title='bbox 455 1223 721 1274; x_wconf 90' lang='lat' dir='ltr'>acciderent,</span> <span class='ocrx_word' id='word_1_113' title='bbox 753 1223 872 1281; x_wconf 83' lang='lat' dir='ltr'>fuga,</span> <span class='ocrx_word' id='word_1_114' title='bbox 904 1224 1103 1277; x_wconf 88' lang='lat' dir='ltr'>vastitas;</span> <span class='ocrx_word' id='word_1_115' title='bbox 1136 1223 1279 1268; x_wconf 90' lang='lat' dir='ltr'>deseri</span> <span class='ocrx_word' id='word_1_116' title='bbox 1311 1224 1481 1273; x_wconf 90' lang='lat' dir='ltr'>itinera.</span> <span class='ocrx_word' id='word_1_117' title='bbox 1513 1225 1616 1269; x_wconf 87' lang='lat' dir='ltr'>fora.</span> <span class='ocrx_word' id='word_1_118' title='bbox 1661 1233 1703 1270; x_wconf 91' lang='lat' dir='ltr'>et</span> <span class='ocrx_word' id='word_1_119' title='bbox 1732 1226 1908 1284; x_wconf 88' lang='lat' dir='ltr'>quidam</span> <span class='ocrx_word' id='word_1_120' title='bbox 1937 1240 2085 1285; x_wconf 84' lang='lat' dir='ltr'>regre-</span> 
     </span>
     <span class='ocr_line' id='line_1_14' title="bbox 293 1299 2084 1359; baseline 0.001 -16"><span class='ocrx_word' id='word_1_121' title='bbox 293 1299 520 1344; x_wconf 89' lang='lat' dir='ltr'>diebantur</span> <span class='ocrx_word' id='word_1_122' title='bbox 542 1299 898 1357; x_wconf 85' lang='lat' dir='ltr'>ostentabantque</span> <span class='ocrx_word' id='word_1_123' title='bbox 928 1313 976 1343; x_wconf 90' lang='lat' dir='ltr'>se</span> <span class='ocrx_word' id='word_1_124' title='bbox 1006 1314 1195 1351; x_wconf 91' lang='lat' dir='ltr'>rursum,</span> <span class='ocrx_word' id='word_1_125' title='bbox 1229 1300 1272 1343; x_wconf 91' lang='lat' dir='ltr'>id</span> <span class='ocrx_word' id='word_1_126' title='bbox 1304 1300 1446 1358; x_wconf 91' lang='lat' dir='ltr'>ipsum</span> <span class='ocrx_word' id='word_1_127' title='bbox 1464 1307 1670 1358; x_wconf 91' lang='lat' dir='ltr'>paventes</span> <span class='ocrx_word' id='word_1_128' title='bbox 1692 1301 1810 1359; x_wconf 89' lang='lat' dir='ltr'>quod</span> <span class='ocrx_word' id='word_1_129' title='bbox 1832 1302 2084 1346; x_wconf 88' lang='lat' dir='ltr'>timuissent.</span> 
     </span>
     <span class='ocr_line' id='line_1_15' title="bbox 292 1374 2084 1436; baseline 0.001 -15"><span class='ocrx_word' id='word_1_130' title='bbox 292 1390 424 1435; x_wconf 90' lang='lat' dir='ltr'>quem</span> <span class='ocrx_word' id='word_1_131' title='bbox 453 1376 567 1421; x_wconf 89' lang='lat' dir='ltr'>enim</span> <span class='ocrx_word' id='word_1_132' title='bbox 597 1375 713 1420; x_wconf 89' lang='lat' dir='ltr'>diem</span> <span class='ocrx_word' id='word_1_133' title='bbox 741 1390 926 1420; x_wconf 91' lang='lat' dir='ltr'>vacuum</span> <span class='ocrx_word' id='word_1_134' title='bbox 955 1389 1112 1433; x_wconf 91' lang='lat' dir='ltr'>poena,</span> <span class='ocrx_word' id='word_1_135' title='bbox 1153 1374 1227 1419; x_wconf 90' lang='lat' dir='ltr'>ubi</span> <span class='ocrx_word' id='word_1_136' title='bbox 1258 1375 1366 1420; x_wconf 90' lang='lat' dir='ltr'>inter.</span> <span class='ocrx_word' id='word_1_137' title='bbox 1395 1390 1518 1420; x_wconf 91' lang='lat' dir='ltr'>sacra</span> <span class='ocrx_word' id='word_1_138' title='bbox 1548 1383 1590 1420; x_wconf 91' lang='lat' dir='ltr'>et</span> <span class='ocrx_word' id='word_1_139' title='bbox 1617 1384 1734 1429; x_wconf 88' lang='lat' dir='ltr'>vota,</span> <span class='ocrx_word' id='word_1_140' title='bbox 1773 1392 1860 1436; x_wconf 91' lang='lat' dir='ltr'>quo</span> <span class='ocrx_word' id='word_1_141' title='bbox 1890 1384 2084 1436; x_wconf 88' lang='lat' dir='ltr'>tempore</span> 
     </span>
     <span class='ocr_line' id='line_1_16' title="bbox 248 1451 2085 1511; baseline 0 -15"><span class='ocrx_word' id='word_1_142' title='bbox 248 1452 436 1497; x_wconf 80' lang='lat' dir='ltr'>⁴⁵verbis</span> <span class='ocrx_word' id='word_1_143' title='bbox 467 1452 592 1497; x_wconf 91' lang='lat' dir='ltr'>etiam</span> <span class='ocrx_word' id='word_1_144' title='bbox 622 1451 812 1510; x_wconf 86' lang='lat' dir='ltr'>profanis</span> <span class='ocrx_word' id='word_1_145' title='bbox 843 1451 1045 1495; x_wconf 85' lang='lat' dir='ltr'>abstineri</span> <span class='ocrx_word' id='word_1_146' title='bbox 1078 1465 1171 1495; x_wconf 90' lang='lat' dir='ltr'>mos</span> <span class='ocrx_word' id='word_1_147' title='bbox 1201 1459 1334 1503; x_wconf 90' lang='lat' dir='ltr'>esset,</span> <span class='ocrx_word' id='word_1_148' title='bbox 1365 1451 1504 1496; x_wconf 88' lang='lat' dir='ltr'>vincla</span> <span class='ocrx_word' id='word_1_149' title='bbox 1525 1459 1568 1496; x_wconf 89' lang='lat' dir='ltr'>et</span> <span class='ocrx_word' id='word_1_150' title='bbox 1593 1452 1774 1511; x_wconf 89' lang='lat' dir='ltr'>laqueus</span> <span class='ocrx_word' id='word_1_151' title='bbox 1795 1453 2085 1499; x_wconf 79' lang='lat' dir='ltr'>inducantur?</span> 
     </span>
     <span class='ocr_line' id='line_1_17' title="bbox 291 1527 2086 1587; baseline 0.001 -15"><span class='ocrx_word' id='word_1_152' title='bbox 291 1543 376 1573; x_wconf 91' lang='lat' dir='ltr'>non</span> <span class='ocrx_word' id='word_1_153' title='bbox 405 1527 707 1587; x_wconf 90' lang='lat' dir='ltr'>inprudentem</span> <span class='ocrx_word' id='word_1_154' title='bbox 737 1527 950 1571; x_wconf 91' lang='lat' dir='ltr'>Tiberium</span> <span class='ocrx_word' id='word_1_155' title='bbox 988 1533 1147 1571; x_wconf 88' lang='lat' dir='ltr'>tantam</span> <span class='ocrx_word' id='word_1_156' title='bbox 1183 1527 1385 1572; x_wconf 89' lang='lat' dir='ltr'>invidiam</span> <span class='ocrx_word' id='word_1_157' title='bbox 1414 1528 1584 1572; x_wconf 87' lang='lat' dir='ltr'>adisse:</span> <span class='ocrx_word' id='word_1_158' title='bbox 1633 1529 1875 1587; x_wconf 88' lang='lat' dir='ltr'>quaesitum</span> <span class='ocrx_word' id='word_1_159' title='bbox 1906 1529 2086 1574; x_wconf 90' lang='lat' dir='ltr'>medita-</span> 
     </span>
     <span class='ocr_line' id='line_1_18' title="bbox 293 1602 2084 1663; baseline 0.001 -15"><span class='ocrx_word' id='word_1_160' title='bbox 293 1611 468 1663; x_wconf 89' lang='lat' dir='ltr'>tumque</span> <span class='ocrx_word' id='word_1_161' title='bbox 489 1618 543 1649; x_wconf 90' lang='lat' dir='ltr'>ne</span> <span class='ocrx_word' id='word_1_162' title='bbox 564 1604 668 1662; x_wconf 92' lang='lat' dir='ltr'>quid</span> <span class='ocrx_word' id='word_1_163' title='bbox 689 1603 898 1661; x_wconf 88' lang='lat' dir='ltr'>impedire</span> <span class='ocrx_word' id='word_1_164' title='bbox 920 1602 1120 1647; x_wconf 88' lang='lat' dir='ltr'>credatur</span> <span class='ocrx_word' id='word_1_165' title='bbox 1140 1617 1228 1661; x_wconf 88' lang='lat' dir='ltr'>quo</span> <span class='ocrx_word' id='word_1_166' title='bbox 1247 1604 1388 1647; x_wconf 88' lang='lat' dir='ltr'>minus</span> <span class='ocrx_word' id='word_1_167' title='bbox 1410 1604 1508 1648; x_wconf 93' lang='lat' dir='ltr'>novi</span> <span class='ocrx_word' id='word_1_168' title='bbox 1530 1605 1812 1662; x_wconf 85' lang='lat' dir='ltr'>magistratus,</span> <span class='ocrx_word' id='word_1_169' title='bbox 1846 1619 1933 1663; x_wconf 92' lang='lat' dir='ltr'>quo</span> <span class='ocrx_word' id='word_1_170' title='bbox 1953 1605 2084 1650; x_wconf 93' lang='lat' dir='ltr'>modo</span> 
     </span>
     <span class='ocr_line' id='line_1_19' title="bbox 291 1678 2084 1740; baseline 0.001 -16"><span class='ocrx_word' id='word_1_171' title='bbox 291 1680 471 1725; x_wconf 87' lang='lat' dir='ltr'>delubra</span> <span class='ocrx_word' id='word_1_172' title='bbox 501 1686 543 1724; x_wconf 87' lang='lat' dir='ltr'>et</span> <span class='ocrx_word' id='word_1_173' title='bbox 573 1679 735 1730; x_wconf 89' lang='lat' dir='ltr'>altaria,</span> <span class='ocrx_word' id='word_1_174' title='bbox 770 1679 832 1723; x_wconf 92' lang='lat' dir='ltr'>sic</span> <span class='ocrx_word' id='word_1_175' title='bbox 853 1692 1071 1723; x_wconf 86' lang='lat' dir='ltr'>carcerem</span> <span class='ocrx_word' id='word_1_176' title='bbox 1096 1678 1330 1723; x_wconf 90' lang='lat' dir='ltr'>recludant.</span> <span class='ocrx_word' id='word_1_177' title='bbox 1362 1687 1535 1724; x_wconf 91' lang='lat' dir='ltr'>secutae</span> <span class='ocrx_word' id='word_1_178' title='bbox 1558 1680 1737 1738; x_wconf 88' lang='lat' dir='ltr'>insuper</span> <span class='ocrx_word' id='word_1_179' title='bbox 1755 1680 1921 1725; x_wconf 87' lang='lat' dir='ltr'>litterae</span> <span class='ocrx_word' id='word_1_180' title='bbox 1941 1688 2084 1740; x_wconf 83' lang='lat' dir='ltr'>grates</span> 
     </span>
     <span class='ocr_line' id='line_1_20' title="bbox 289 1754 2085 1815; baseline 0 -15"><span class='ocrx_word' id='word_1_181' title='bbox 289 1758 453 1814; x_wconf 84' lang='lat' dir='ltr'>agentis</span> <span class='ocrx_word' id='word_1_182' title='bbox 484 1755 602 1815; x_wconf 88' lang='lat' dir='ltr'>quod</span> <span class='ocrx_word' id='word_1_183' title='bbox 635 1755 849 1799; x_wconf 90' lang='lat' dir='ltr'>hominem</span> <span class='ocrx_word' id='word_1_184' title='bbox 879 1754 1090 1799; x_wconf 90' lang='lat' dir='ltr'>infensum</span> <span class='ocrx_word' id='word_1_185' title='bbox 1120 1755 1182 1799; x_wconf 91' lang='lat' dir='ltr'>rei</span> <span class='ocrx_word' id='word_1_186' title='bbox 1212 1755 1411 1813; x_wconf 88' lang='lat' dir='ltr'>publicae</span> <span class='ocrx_word' id='word_1_187' title='bbox 1442 1756 1726 1814; x_wconf 88' lang='lat' dir='ltr'>punivissent,</span> <span class='ocrx_word' id='word_1_188' title='bbox 1760 1756 1928 1801; x_wconf 88' lang='lat' dir='ltr'>adiecto</span> <span class='ocrx_word' id='word_1_189' title='bbox 1953 1758 2085 1815; x_wconf 84' lang='lat' dir='ltr'>trepi-</span> 
     </span>
     <span class='ocr_line' id='line_1_21' title="bbox 237 1830 2084 1891; baseline -0.001 -15"><span class='ocrx_word' id='word_1_190' title='bbox 237 1835 276 1867; x_wconf 74' lang='lat'>20</span> <span class='ocrx_word' id='word_1_191' title='bbox 289 1832 388 1877; x_wconf 92' lang='lat' dir='ltr'>dam</span> <span class='ocrx_word' id='word_1_192' title='bbox 419 1832 500 1877; x_wconf 88' lang='lat' dir='ltr'>sibi</span> <span class='ocrx_word' id='word_1_193' title='bbox 531 1833 676 1881; x_wconf 88' lang='lat' dir='ltr'>vitam,</span> <span class='ocrx_word' id='word_1_194' title='bbox 710 1838 933 1889; x_wconf 87' lang='lat' dir='ltr'>suspectas</span> <span class='ocrx_word' id='word_1_195' title='bbox 964 1830 1233 1874; x_wconf 88' lang='lat' dir='ltr'>inimicorum</span> <span class='ocrx_word' id='word_1_196' title='bbox 1263 1832 1458 1884; x_wconf 90' lang='lat' dir='ltr'>insidias,</span> <span class='ocrx_word' id='word_1_197' title='bbox 1491 1831 1606 1876; x_wconf 92' lang='lat' dir='ltr'>nullo</span> <span class='ocrx_word' id='word_1_198' title='bbox 1635 1833 1880 1876; x_wconf 85' lang='lat' dir='ltr'>nominatim</span> <span class='ocrx_word' id='word_1_199' title='bbox 1909 1832 2084 1891; x_wconf 90' lang='lat' dir='ltr'>conpel-</span> 
     </span>
     <span class='ocr_line' id='line_1_22' title="bbox 287 1893 1940 1967; baseline 0 -15"><span class='ocrx_word' id='word_1_200' title='bbox 287 1910 392 1963; x_wconf 82' lang='lat' dir='ltr'>lat03</span> <span class='ocrx_word' id='word_1_201' title='bbox 422 1923 566 1967; x_wconf 90' lang='lat' dir='ltr'>neque</span> <span class='ocrx_word' id='word_1_202' title='bbox 594 1915 739 1953; x_wconf 90' lang='lat' dir='ltr'>tamen</span> <span class='ocrx_word' id='word_1_203' title='bbox 769 1906 1043 1951; x_wconf 90' lang='lat' dir='ltr'>dubitabatur</span> <span class='ocrx_word' id='word_1_204' title='bbox 1071 1907 1115 1950; x_wconf 90' lang='lat' dir='ltr'>in</span> <span class='ocrx_word' id='word_1_205' title='bbox 1144 1908 1359 1952; x_wconf 90' lang='lat' dir='ltr'>Neronem</span> <span class='ocrx_word' id='word_1_206' title='bbox 1388 1914 1431 1951; x_wconf 90' lang='lat' dir='ltr'>et</span> <span class='ocrx_word' id='word_1_207' title='bbox 1459 1893 1735 1967; x_wconf 84' lang='lat' dir='ltr'>Agrippinam</span> <span class='ocrx_word' id='word_1_208' title='bbox 1765 1908 1940 1953; x_wconf 90' lang='lat' dir='ltr'>intendi.</span> 
     </span>
    </p>
   </div>
   <div class='ocr_carea' id='block_1_3' title="bbox 285 2060 2083 2444">
    <p class='ocr_par' dir='ltr' id='par_1_3' title="bbox 285 2060 2083 2444">
     <span class='ocr_line' id='line_1_23' title="bbox 352 2060 2077 2105; baseline -0.001 -9"><span class='ocrx_word' id='word_1_209' title='bbox 352 2064 384 2096; x_wconf 80' lang='grc'>4.</span> <span class='ocrx_word' id='word_1_210' title='bbox 409 2065 553 2105; x_wconf 76' lang='lat' dir='ltr'>qaranlo</span> <span class='ocrx_word' id='word_1_211' title='bbox 578 2061 650 2103; x_wconf 88' lang='lat' dir='ltr'>(sic)</span> <span class='ocrx_word' id='word_1_212' title='bbox 675 2062 725 2101; x_wconf 91' lang='lat' dir='ltr'>M;</span> <span class='ocrx_word' id='word_1_213' title='bbox 751 2061 885 2102; x_wconf 82' lang='lat' dir='ltr'>quando</span> <span class='ocrx_word' id='word_1_214' title='bbox 908 2061 1109 2093; x_wconf 88' lang='lat' dir='ltr'>Rhenanus.</span> <span class='ocrx_word' id='word_1_215' title='bbox 1136 2077 1172 2083; x_wconf 93' lang='lat'>—-</span> <span class='ocrx_word' id='word_1_216' title='bbox 1199 2061 1231 2093; x_wconf 90' lang='lat'>3.</span> <span class='ocrx_word' id='word_1_217' title='bbox 1255 2060 1325 2101; x_wconf 87' lang='lat' dir='ltr'>ipse</span> <span class='ocrx_word' id='word_1_218' title='bbox 1346 2061 1380 2094; x_wconf 92' lang='lat' dir='ltr'>M</span> <span class='ocrx_word' id='word_1_219' title='bbox 1405 2078 1441 2084; x_wconf 96' lang='lat'><strong>—</strong></span> <span class='ocrx_word' id='word_1_220' title='bbox 1466 2060 1499 2094; x_wconf 77' lang='lat'>4.</span> <span class='ocrx_word' id='word_1_221' title='bbox 1523 2061 1642 2094; x_wconf 84' lang='lat' dir='ltr'>civitas</span> <span class='ocrx_word' id='word_1_222' title='bbox 1663 2070 1697 2094; x_wconf 86' lang='lat' dir='ltr'>se</span> <span class='ocrx_word' id='word_1_223' title='bbox 1718 2065 1828 2104; x_wconf 62' lang='lat' dir='ltr'>tepens</span> <span class='ocrx_word' id='word_1_224' title='bbox 1848 2062 2077 2096; x_wconf 88' lang='lat' dir='ltr'>Vertranius:</span> 
     </span>
     <span class='ocr_line' id='line_1_24' title="bbox 286 2116 2083 2161; baseline -0.001 -8"><span class='ocrx_word' id='word_1_225' title='bbox 286 2120 405 2153; x_wconf 82' lang='lat' dir='ltr'>ciuitas</span> <span class='ocrx_word' id='word_1_226' title='bbox 427 2128 523 2161; x_wconf 73' lang='lat' dir='ltr'>eqens</span> <span class='ocrx_word' id='word_1_227' title='bbox 545 2119 597 2157; x_wconf 82' lang='lat' dir='ltr'>M3</span> <span class='ocrx_word' id='word_1_228' title='bbox 622 2118 743 2150; x_wconf 86' lang='lat' dir='ltr'>civitas</span> <span class='ocrx_word' id='word_1_229' title='bbox 764 2120 875 2159; x_wconf 63' lang='lat' dir='ltr'>tegens</span> <span class='ocrx_word' id='word_1_230' title='bbox 889 2116 1042 2158; x_wconf 91' lang='lat' dir='ltr'>Lipsius;</span> <span class='ocrx_word' id='word_1_231' title='bbox 1068 2116 1188 2149; x_wconf 82' lang='lat' dir='ltr'>civitas</span> <span class='ocrx_word' id='word_1_232' title='bbox 1209 2119 1240 2149; x_wconf 83' lang='lat' dir='ltr'>et</span> <span class='ocrx_word' id='word_1_233' title='bbox 1262 2120 1370 2158; x_wconf 65' lang='lat' dir='ltr'>tegens</span> <span class='ocrx_word' id='word_1_234' title='bbox 1386 2118 1420 2150; x_wconf 86' lang='lat' dir='ltr'>F.</span> <span class='ocrx_word' id='word_1_235' title='bbox 1438 2117 1495 2150; x_wconf 93' lang='lat' dir='ltr'>W.</span> <span class='ocrx_word' id='word_1_236' title='bbox 1518 2117 1607 2150; x_wconf 88' lang='lat' dir='ltr'>Otto.</span> <span class='ocrx_word' id='word_1_237' title='bbox 1635 2117 1743 2159; x_wconf 62' lang='lat' dir='ltr'>(egens</span> <span class='ocrx_word' id='word_1_238' title='bbox 1764 2119 1940 2151; x_wconf 82' lang='lat' dir='ltr'>adversum</span> <span class='ocrx_word' id='word_1_239' title='bbox 1957 2119 2083 2159; x_wconf 74' lang='lat' dir='ltr'>proxi-</span> 
     </span>
     <span class='ocr_line' id='line_1_25' title="bbox 286 2162 2083 2215; baseline -0.001 -6"><span class='ocrx_word' id='word_1_240' title='bbox 286 2185 358 2209; x_wconf 89' lang='lat' dir='ltr'>mos</span> <span class='ocrx_word' id='word_1_241' title='bbox 379 2176 584 2209; x_wconf 82' lang='lat' dir='ltr'>conversatio</span> <span class='ocrx_word' id='word_1_242' title='bbox 607 2173 785 2215; x_wconf 84' lang='lat' dir='ltr'>Ritterus.)</span> <span class='ocrx_word' id='word_1_243' title='bbox 811 2192 847 2197; x_wconf 86' lang='lat'><strong>—</strong></span> <span class='ocrx_word' id='word_1_244' title='bbox 879 2174 911 2206; x_wconf 85' lang='lat'>7.</span> <span class='ocrx_word' id='word_1_245' title='bbox 932 2162 980 2206; x_wconf 68' lang='grc' dir='ltr'>Ι-(Ῐ</span> <span class='ocrx_word' id='word_1_246' title='bbox 1003 2174 1036 2206; x_wconf 92' lang='lat' dir='ltr'>M</span> <span class='ocrx_word' id='word_1_247' title='bbox 1062 2190 1098 2196; x_wconf 87' lang='lat'>-—</span> <span class='ocrx_word' id='word_1_248' title='bbox 1129 2173 1300 2205; x_wconf 72' lang='lat' dir='ltr'>Ianuariis</span> <span class='ocrx_word' id='word_1_249' title='bbox 1323 2174 1495 2206; x_wconf 72' lang='lat' dir='ltr'>Faernus:</span> <span class='ocrx_word' id='word_1_250' title='bbox 1523 2173 1706 2206; x_wconf 84' lang='lat' dir='ltr'>Ianuarius</span> <span class='ocrx_word' id='word_1_251' title='bbox 1726 2175 1778 2213; x_wconf 84' lang='lat' dir='ltr'>M;</span> <span class='ocrx_word' id='word_1_252' title='bbox 1811 2175 1992 2208; x_wconf 81' lang='lat' dir='ltr'>Ianuarias</span> <span class='ocrx_word' id='word_1_253' title='bbox 2013 2175 2083 2208; x_wconf 88' lang='lat' dir='ltr'>Be—</span> 
     </span>
     <span class='ocr_line' id='line_1_26' title="bbox 285 2229 2083 2274; baseline -0.002 -7"><span class='ocrx_word' id='word_1_254' title='bbox 285 2232 441 2267; x_wconf 83' lang='lat' dir='ltr'>roaldus.</span> <span class='ocrx_word' id='word_1_255' title='bbox 469 2248 505 2257; x_wconf 91' lang='lat'><em>-</em></span> <span class='ocrx_word' id='word_1_256' title='bbox 535 2229 655 2274; x_wconf 66' lang='lat' dir='ltr'>pcatus</span> <span class='ocrx_word' id='word_1_257' title='bbox 676 2233 709 2265; x_wconf 89' lang='lat' dir='ltr'>M</span> <span class='ocrx_word' id='word_1_258' title='bbox 735 2249 771 2255; x_wconf 89' lang='lat'><strong>—</strong></span> <span class='ocrx_word' id='word_1_259' title='bbox 797 2232 850 2264; x_wconf 80' lang='grc' dir='ltr'>Μ.</span> <span class='ocrx_word' id='word_1_260' title='bbox 877 2239 941 2271; x_wconf 80' lang='lat' dir='ltr'>quo</span> <span class='ocrx_word' id='word_1_261' title='bbox 956 2248 1005 2254; x_wconf 97' lang='lat'>--</span> <span class='ocrx_word' id='word_1_262' title='bbox 1020 2239 1085 2271; x_wconf 80' lang='lat' dir='ltr'>quo</span> <span class='ocrx_word' id='word_1_263' title='bbox 1108 2231 1159 2263; x_wconf 87' lang='lat' dir='ltr'>M:</span> <span class='ocrx_word' id='word_1_264' title='bbox 1186 2238 1317 2271; x_wconf 81' lang='lat' dir='ltr'>quoquo</span> <span class='ocrx_word' id='word_1_265' title='bbox 1332 2247 1382 2254; x_wconf 91' lang='lat'>-·-</span> <span class='ocrx_word' id='word_1_266' title='bbox 1397 2239 1528 2271; x_wconf 78' lang='lat' dir='ltr'>quoquo</span> <span class='ocrx_word' id='word_1_267' title='bbox 1551 2231 1720 2264; x_wconf 87' lang='lat' dir='ltr'>Muretus.</span> <span class='ocrx_word' id='word_1_268' title='bbox 1749 2248 1784 2254; x_wconf 98' lang='lat'><strong>—</strong></span> <span class='ocrx_word' id='word_1_269' title='bbox 1817 2231 1870 2263; x_wconf 74' lang='lat'>⁴2.</span> <span class='ocrx_word' id='word_1_270' title='bbox 1896 2231 2083 2264; x_wconf 81' lang='lat' dir='ltr'>acciderent</span> 
     </span>
     <span class='ocr_line' id='line_1_27' title="bbox 286 2285 2082 2330; baseline 0 -8"><span class='ocrx_word' id='word_1_271' title='bbox 286 2290 493 2323; x_wconf 88' lang='lat' dir='ltr'>Rhenanus:</span> <span class='ocrx_word' id='word_1_272' title='bbox 523 2290 710 2330; x_wconf 71' lang='lat' dir='ltr'>acciperent</span> <span class='ocrx_word' id='word_1_273' title='bbox 731 2288 765 2322; x_wconf 94' lang='lat' dir='ltr'>M</span> <span class='ocrx_word' id='word_1_274' title='bbox 791 2306 826 2311; x_wconf 97' lang='lat'><strong>—</strong></span> <span class='ocrx_word' id='word_1_275' title='bbox 856 2286 1106 2329; x_wconf 71' lang='lat' dir='ltr'>reqrediebatur</span> <span class='ocrx_word' id='word_1_276' title='bbox 1127 2287 1162 2320; x_wconf 95' lang='lat' dir='ltr'>M</span> <span class='ocrx_word' id='word_1_277' title='bbox 1191 2304 1225 2311; x_wconf 94' lang='lat'>—</span> <span class='ocrx_word' id='word_1_278' title='bbox 1257 2287 1310 2319; x_wconf 76' lang='grc'>46.</span> <span class='ocrx_word' id='word_1_279' title='bbox 1338 2287 1567 2328; x_wconf 75' lang='lat' dir='ltr'>inprudentem</span> <span class='ocrx_word' id='word_1_280' title='bbox 1590 2287 1797 2320; x_wconf 85' lang='lat' dir='ltr'>Rhenanus:</span> <span class='ocrx_word' id='word_1_281' title='bbox 1831 2287 2026 2328; x_wconf 74' lang='lat' dir='ltr'>prudentem</span> <span class='ocrx_word' id='word_1_282' title='bbox 2047 2285 2082 2322; x_wconf 75' lang='lat' dir='ltr'>M</span> 
     </span>
     <span class='ocr_line' id='line_1_28' title="bbox 290 2342 2076 2386; baseline -0.002 -6"><span class='ocrx_word' id='word_1_283' title='bbox 290 2363 327 2370; x_wconf 89' lang='lat'><em>-</em></span> <span class='ocrx_word' id='word_1_284' title='bbox 352 2346 479 2380; x_wconf 86' lang='lat' dir='ltr'>adisse:</span> <span class='ocrx_word' id='word_1_285' title='bbox 511 2346 697 2386; x_wconf 76' lang='lat' dir='ltr'>quaesitum</span> <span class='ocrx_word' id='word_1_286' title='bbox 718 2342 930 2378; x_wconf 87' lang='lat' dir='ltr'>Beroaldus:</span> <span class='ocrx_word' id='word_1_287' title='bbox 964 2343 1070 2376; x_wconf 82' lang='lat' dir='ltr'>adisse</span> <span class='ocrx_word' id='word_1_288' title='bbox 1095 2343 1281 2384; x_wconf 79' lang='lat' dir='ltr'>quaesitum</span> <span class='ocrx_word' id='word_1_289' title='bbox 1303 2343 1356 2382; x_wconf 89' lang='lat' dir='ltr'>M;</span> <span class='ocrx_word' id='word_1_290' title='bbox 1388 2343 1511 2384; x_wconf 87' lang='lat' dir='ltr'>adisse,</span> <span class='ocrx_word' id='word_1_291' title='bbox 1541 2346 1587 2377; x_wconf 84' lang='lat' dir='ltr'>set</span> <span class='ocrx_word' id='word_1_292' title='bbox 1609 2343 1798 2386; x_wconf 80' lang='lat' dir='ltr'>quaesitum</span> <span class='ocrx_word' id='word_1_293' title='bbox 1818 2344 2014 2378; x_wconf 90' lang='lat' dir='ltr'>Wurmius.</span> <span class='ocrx_word' id='word_1_294' title='bbox 2041 2361 2076 2367; x_wconf 98' lang='lat'><strong>—</strong></span> 
     </span>
     <span class='ocr_line' id='line_1_29' title="bbox 287 2400 1415 2444; baseline -0.002 -9"><span class='ocrx_word' id='word_1_295' title='bbox 287 2403 342 2436; x_wconf 74' lang='lat'>47.</span> <span class='ocrx_word' id='word_1_296' title='bbox 367 2403 621 2444; x_wconf 77' lang='lat' dir='ltr'>quomissminus</span> <span class='ocrx_word' id='word_1_297' title='bbox 642 2402 676 2437; x_wconf 88' lang='lat' dir='ltr'>M</span> <span class='ocrx_word' id='word_1_298' title='bbox 699 2419 737 2427; x_wconf 96' lang='lat'>—</span> <span class='ocrx_word' id='word_1_299' title='bbox 765 2401 817 2435; x_wconf 75' lang='lat'>⁴8.</span> <span class='ocrx_word' id='word_1_300' title='bbox 842 2401 1004 2434; x_wconf 84' lang='lat' dir='ltr'>Saecutae</span> <span class='ocrx_word' id='word_1_301' title='bbox 1026 2401 1061 2435; x_wconf 90' lang='lat' dir='ltr'>M</span> <span class='ocrx_word' id='word_1_302' title='bbox 1086 2418 1123 2425; x_wconf 93' lang='lat'><em>-</em></span> <span class='ocrx_word' id='word_1_303' title='bbox 1148 2400 1202 2433; x_wconf 74' lang='lat'>⁴9.</span> <span class='ocrx_word' id='word_1_304' title='bbox 1227 2400 1347 2433; x_wconf 82' lang='lat' dir='ltr'>adiecti</span> <span class='ocrx_word' id='word_1_305' title='bbox 1368 2400 1415 2434; x_wconf 88' lang='lat' dir='ltr'>M.</span> 
     </span>
    </p>
   </div>
   <div class='ocr_carea' id='block_1_4' title="bbox 288 2525 2081 2775">
    <p class='ocr_par' dir='ltr' id='par_1_4' title="bbox 288 2525 2081 2775">
     <span class='ocr_line' id='line_1_30' title="bbox 289 2525 2080 2578; baseline -0.002 -11"><span class='ocrx_word' id='word_1_306' title='bbox 289 2543 334 2567; x_wconf 78' lang='lat' dir='ltr'>ex</span> <span class='ocrx_word' id='word_1_307' title='bbox 354 2534 582 2567; x_wconf 86' lang='lat' dir='ltr'>controversia</span> <span class='ocrx_word' id='word_1_308' title='bbox 602 2534 704 2575; x_wconf 81' lang='lat' dir='ltr'>facti:</span> <span class='ocrx_word' id='word_1_309' title='bbox 729 2533 765 2566; x_wconf 86' lang='lat' dir='ltr'>in</span> <span class='ocrx_word' id='word_1_310' title='bbox 780 2532 1070 2566; x_wconf 75' lang='lat' dir='ltr'>deliberationibus</span> <span class='ocrx_word' id='word_1_311' title='bbox 1085 2533 1162 2573; x_wconf 83' lang='lat' dir='ltr'>ple·</span> <span class='ocrx_word' id='word_1_312' title='bbox 1210 2527 1233 2563; x_wconf 90' lang='grc' dir='ltr'><em>ὃ</em></span> <span class='ocrx_word' id='word_1_313' title='bbox 1256 2527 1450 2572; x_wconf 80' lang='grc' dir='ltr'><strong><em>κάκείνοις</em></strong></span> <span class='ocrx_word' id='word_1_314' title='bbox 1471 2531 1539 2564; x_wconf 78' lang='grc' dir='ltr'>καὶ</span> <span class='ocrx_word' id='word_1_315' title='bbox 1560 2528 1608 2578; x_wconf 80' lang='grc' dir='ltr'>τῇ</span> <span class='ocrx_word' id='word_1_316' title='bbox 1632 2529 1740 2564; x_wconf 81' lang='grc' dir='ltr'><strong><em>πόλει</em></strong></span> <span class='ocrx_word' id='word_1_317' title='bbox 1762 2529 1837 2564; x_wconf 81' lang='grc' dir='ltr'><strong><em>τῶν</em></strong></span> <span class='ocrx_word' id='word_1_318' title='bbox 1860 2525 1974 2573; x_wconf 79' lang='grc' dir='ltr'><strong><em>αὖθις</em></strong></span> <span class='ocrx_word' id='word_1_319' title='bbox 1995 2527 2080 2564; x_wconf 78' lang='grc' dir='ltr'><strong><em>ἐδό-</em></strong></span> 
     </span>
     <span class='ocr_line' id='line_1_31' title="bbox 288 2580 2077 2626; baseline -0.002 -9"><span class='ocrx_word' id='word_1_320' title='bbox 288 2593 429 2626; x_wconf 83' lang='lat' dir='ltr'>rumque</span> <span class='ocrx_word' id='word_1_321' title='bbox 451 2593 495 2617; x_wconf 77' lang='lat' dir='ltr'>ea&gt;</span> <span class='ocrx_word' id='word_1_322' title='bbox 515 2584 643 2626; x_wconf 78' lang='lat' dir='ltr'>futuri,</span> <span class='ocrx_word' id='word_1_323' title='bbox 668 2592 750 2616; x_wconf 88' lang='lat' dir='ltr'>raro</span> <span class='ocrx_word' id='word_1_324' title='bbox 765 2591 809 2616; x_wconf 78' lang='lat' dir='ltr'>eae</span> <span class='ocrx_word' id='word_1_325' title='bbox 823 2583 977 2615; x_wconf 83' lang='lat' dir='ltr'>instantis</span> <span class='ocrx_word' id='word_1_326' title='bbox 992 2585 1052 2615; x_wconf 86' lang='lat' dir='ltr'>aut</span> <span class='ocrx_word' id='word_1_327' title='bbox 1064 2582 1158 2623; x_wconf 84' lang='lat' dir='ltr'>facti.</span> <span class='ocrx_word' id='word_1_328' title='bbox 1207 2591 1266 2615; x_wconf 84' lang='grc' dir='ltr'>κει</span> <span class='ocrx_word' id='word_1_329' title='bbox 1298 2580 1428 2614; x_wconf 79' lang='grc' dir='ltr'><strong><em>κακῶν</em></strong></span> <span class='ocrx_word' id='word_1_330' title='bbox 1461 2582 1658 2626; x_wconf 80' lang='grc' dir='ltr'><strong><em>γεγονέναι</em></strong></span> <span class='ocrx_word' id='word_1_331' title='bbox 1690 2585 1855 2626; x_wconf 85' lang='grc' dir='ltr'><strong><em>σημεῖον</em></strong></span> <span class='ocrx_word' id='word_1_332' title='bbox 1882 2583 2077 2626; x_wconf 81' lang='grc' dir='ltr'><strong><em>μέγιστον.</em></strong></span> 
     </span>
     <span class='ocr_line' id='line_1_32' title="bbox 289 2631 2081 2676; baseline -0.001 -8"><span class='ocrx_word' id='word_1_333' title='bbox 289 2635 392 2668; x_wconf 89' lang='lat' dir='ltr'>Tusc.</span> <span class='ocrx_word' id='word_1_334' title='bbox 426 2634 447 2668; x_wconf 75' lang='lat'><strong>4</strong></span> <span class='ocrx_word' id='word_1_335' title='bbox 483 2634 501 2676; x_wconf 70' lang='lat' dir='ltr'>S</span> <span class='ocrx_word' id='word_1_336' title='bbox 535 2635 592 2667; x_wconf 80' lang='lat' dir='ltr'>ll:</span> <span class='ocrx_word' id='word_1_337' title='bbox 630 2642 718 2675; x_wconf 77' lang='lat' dir='ltr'>quae</span> <span class='ocrx_word' id='word_1_338' title='bbox 749 2634 916 2666; x_wconf 85' lang='lat' dir='ltr'>venientia</span> <span class='ocrx_word' id='word_1_339' title='bbox 952 2635 1158 2673; x_wconf 73' lang='lat' dir='ltr'>metuantur,</span> <span class='ocrx_word' id='word_1_340' title='bbox 1207 2633 1395 2666; x_wconf 89' lang='lat' dir='ltr'>Suetonius</span> <span class='ocrx_word' id='word_1_341' title='bbox 1429 2632 1474 2665; x_wconf 86' lang='lat' dir='ltr'>de</span> <span class='ocrx_word' id='word_1_342' title='bbox 1504 2631 1631 2665; x_wconf 87' lang='lat' dir='ltr'>Tiberii</span> <span class='ocrx_word' id='word_1_343' title='bbox 1655 2633 1799 2665; x_wconf 87' lang='lat' dir='ltr'>saevitia</span> <span class='ocrx_word' id='word_1_344' title='bbox 1824 2634 1885 2666; x_wconf 75' lang='lat'>6⁴:</span> <span class='ocrx_word' id='word_1_345' title='bbox 1914 2633 2036 2666; x_wconf 77' lang='lat' dir='ltr'>Nullus</span> <span class='ocrx_word' id='word_1_346' title='bbox 2057 2641 2081 2666; x_wconf 86' lang='lat' dir='ltr'>a</span> 
     </span>
     <span class='ocr_line' id='line_1_33' title="bbox 288 2682 2081 2726; baseline -0.001 -9"><span class='ocrx_word' id='word_1_347' title='bbox 288 2685 403 2718; x_wconf 84' lang='lat' dir='ltr'>eadem</span> <span class='ocrx_word' id='word_1_348' title='bbox 424 2684 575 2726; x_wconf 75' lang='lat' dir='ltr'>afficiunt</span> <span class='ocrx_word' id='word_1_349' title='bbox 596 2683 805 2725; x_wconf 63' lang='lat' dir='ltr'>aegritudine</span> <span class='ocrx_word' id='word_1_350' title='bbox 826 2683 999 2715; x_wconf 85' lang='lat' dir='ltr'>instantia.</span> <span class='ocrx_word' id='word_1_351' title='bbox 1020 2698 1056 2705; x_wconf 95' lang='lat'><em>—</em></span> <span class='ocrx_word' id='word_1_352' title='bbox 1082 2682 1159 2714; x_wconf 73' lang='lat' dir='ltr'>diu-</span> <span class='ocrx_word' id='word_1_353' title='bbox 1200 2691 1312 2722; x_wconf 84' lang='lat' dir='ltr'>poena</span> <span class='ocrx_word' id='word_1_354' title='bbox 1344 2682 1512 2715; x_wconf 87' lang='lat' dir='ltr'>hominum</span> <span class='ocrx_word' id='word_1_355' title='bbox 1544 2682 1685 2715; x_wconf 83' lang='lat' dir='ltr'>cessavit</span> <span class='ocrx_word' id='word_1_356' title='bbox 1712 2682 1796 2723; x_wconf 84' lang='lat' dir='ltr'>dies,</span> <span class='ocrx_word' id='word_1_357' title='bbox 1831 2691 1873 2715; x_wconf 89' lang='lat' dir='ltr'>ne</span> <span class='ocrx_word' id='word_1_358' title='bbox 1905 2683 2081 2725; x_wconf 63' lang='lat' dir='ltr'>religiosus</span> 
     </span>
     <span class='ocr_line' id='line_1_34' title="bbox 288 2732 2066 2775; baseline -0.001 -8"><span class='ocrx_word' id='word_1_359' title='bbox 288 2735 369 2775; x_wconf 85' lang='lat' dir='ltr'>tius,</span> <span class='ocrx_word' id='word_1_360' title='bbox 394 2737 520 2775; x_wconf 81' lang='lat' dir='ltr'>quanto</span> <span class='ocrx_word' id='word_1_361' title='bbox 534 2751 583 2758; x_wconf 88' lang='lat'>--</span> <span class='ocrx_word' id='word_1_362' title='bbox 598 2733 774 2775; x_wconf 73' lang='lat' dir='ltr'>difficilius]</span> <span class='ocrx_word' id='word_1_363' title='bbox 798 2733 886 2765; x_wconf 90' lang='lat' dir='ltr'>Vide</span> <span class='ocrx_word' id='word_1_364' title='bbox 905 2732 951 2766; x_wconf 87' lang='lat' dir='ltr'>ad</span> <span class='ocrx_word' id='word_1_365' title='bbox 966 2733 998 2773; x_wconf 75' lang='lat'>2,</span> <span class='ocrx_word' id='word_1_366' title='bbox 1017 2733 1050 2764; x_wconf 78' lang='grc' dir='ltr'>ὅ.</span> <span class='ocrx_word' id='word_1_367' title='bbox 1206 2732 1337 2772; x_wconf 77' lang='lat' dir='ltr'>quidem</span> <span class='ocrx_word' id='word_1_368' title='bbox 1359 2735 1391 2764; x_wconf 89' lang='lat' dir='ltr'>et</span> <span class='ocrx_word' id='word_1_369' title='bbox 1412 2740 1518 2765; x_wconf 88' lang='lat' dir='ltr'>sacer.</span> <span class='ocrx_word' id='word_1_370' title='bbox 1552 2733 1637 2765; x_wconf 76' lang='lat' dir='ltr'>Lirs.</span> <span class='ocrx_word' id='word_1_371' title='bbox 1675 2750 1712 2755; x_wconf 99' lang='lat'><strong>—</strong></span> <span class='ocrx_word' id='word_1_372' title='bbox 1741 2741 1809 2764; x_wconf 83' lang='lat' dir='ltr'>non</span> <span class='ocrx_word' id='word_1_373' title='bbox 1836 2733 2066 2773; x_wconf 80' lang='lat' dir='ltr'>inprudentem</span> 
     </span>
    </p>
   </div>
   <div class='ocr_carea' id='block_1_5' title="bbox 285 2782 1159 3479">
    <p class='ocr_par' dir='ltr' id='par_1_5' title="bbox 285 2782 1159 3479">
     <span class='ocr_line' id='line_1_35' title="bbox 332 2782 1158 2824; baseline -0.004 -7"><span class='ocrx_word' id='word_1_374' title='bbox 332 2785 388 2818; x_wconf 85' lang='lat'>70.</span> <span class='ocrx_word' id='word_1_375' title='bbox 415 2784 587 2817; x_wconf 77' lang='lat' dir='ltr'>sollemnia</span> <span class='ocrx_word' id='word_1_376' title='bbox 620 2783 804 2824; x_wconf 85' lang='lat' dir='ltr'>incipientis</span> <span class='ocrx_word' id='word_1_377' title='bbox 834 2783 915 2815; x_wconf 89' lang='lat' dir='ltr'>anni</span> <span class='ocrx_word' id='word_1_378' title='bbox 929 2800 948 2806; x_wconf 98' lang='lat'>-</span> <span class='ocrx_word' id='word_1_379' title='bbox 960 2800 978 2807; x_wconf 88' lang='lat'>·-</span> <span class='ocrx_word' id='word_1_380' title='bbox 987 2782 1158 2824; x_wconf 82' lang='lat' dir='ltr'>precatus]</span> 
     </span>
     <span class='ocr_line' id='line_1_36' title="bbox 287 2832 1159 2875; baseline -0.006 -7"><span class='ocrx_word' id='word_1_381' title='bbox 287 2834 417 2869; x_wconf 90' lang='lat' dir='ltr'>Plinius</span> <span class='ocrx_word' id='word_1_382' title='bbox 446 2835 488 2867; x_wconf 87' lang='lat' dir='ltr'>N.</span> <span class='ocrx_word' id='word_1_383' title='bbox 513 2834 554 2866; x_wconf 90' lang='lat' dir='ltr'>H.</span> <span class='ocrx_word' id='word_1_384' title='bbox 580 2833 622 2866; x_wconf 76' lang='lat'>28</span> <span class='ocrx_word' id='word_1_385' title='bbox 645 2834 664 2875; x_wconf 71' lang='lat' dir='ltr'>S</span> <span class='ocrx_word' id='word_1_386' title='bbox 689 2834 749 2865; x_wconf 73' lang='lat'>22:</span> <span class='ocrx_word' id='word_1_387' title='bbox 785 2834 935 2873; x_wconf 86' lang='lat' dir='ltr'>primum</span> <span class='ocrx_word' id='word_1_388' title='bbox 965 2832 1046 2864; x_wconf 84' lang='lat' dir='ltr'>anni</span> <span class='ocrx_word' id='word_1_389' title='bbox 1073 2832 1159 2864; x_wconf 82' lang='lat' dir='ltr'>inci-</span> 
     </span>
     <span class='ocr_line' id='line_1_37' title="bbox 285 2882 1158 2926; baseline -0.005 -8"><span class='ocrx_word' id='word_1_390' title='bbox 285 2885 406 2926; x_wconf 87' lang='lat' dir='ltr'>pientis</span> <span class='ocrx_word' id='word_1_391' title='bbox 427 2883 513 2916; x_wconf 82' lang='lat' dir='ltr'>diem</span> <span class='ocrx_word' id='word_1_392' title='bbox 535 2883 630 2915; x_wconf 87' lang='lat' dir='ltr'>laetis</span> <span class='ocrx_word' id='word_1_393' title='bbox 649 2882 896 2924; x_wconf 80' lang='lat' dir='ltr'>precationibus</span> <span class='ocrx_word' id='word_1_394' title='bbox 916 2882 1058 2915; x_wconf 86' lang='lat' dir='ltr'>invicem</span> <span class='ocrx_word' id='word_1_395' title='bbox 1077 2882 1158 2923; x_wconf 81' lang='lat' dir='ltr'>fau-</span> 
     </span>
     <span class='ocr_line' id='line_1_38' title="bbox 287 2932 1159 2973; baseline -0.005 -5"><span class='ocrx_word' id='word_1_396' title='bbox 287 2939 375 2968; x_wconf 83' lang='lat' dir='ltr'>stum</span> <span class='ocrx_word' id='word_1_397' title='bbox 396 2934 596 2968; x_wconf 86' lang='lat' dir='ltr'>ominamur.</span> <span class='ocrx_word' id='word_1_398' title='bbox 617 2950 653 2955; x_wconf 97' lang='lat'><strong>—</strong></span> <span class='ocrx_word' id='word_1_399' title='bbox 679 2933 878 2973; x_wconf 84' lang='lat' dir='ltr'>acciderent]</span> <span class='ocrx_word' id='word_1_400' title='bbox 901 2932 947 2965; x_wconf 87' lang='lat' dir='ltr'>ad</span> <span class='ocrx_word' id='word_1_401' title='bbox 969 2941 1074 2965; x_wconf 88' lang='lat' dir='ltr'>aures</span> <span class='ocrx_word' id='word_1_402' title='bbox 1097 2932 1159 2964; x_wconf 91' lang='lat' dir='ltr'>ho-</span> 
     </span>
     <span class='ocr_line' id='line_1_39' title="bbox 288 2981 1158 3024; baseline -0.005 -6"><span class='ocrx_word' id='word_1_403' title='bbox 288 2986 436 3024; x_wconf 87' lang='lat' dir='ltr'>minum.</span> <span class='ocrx_word' id='word_1_404' title='bbox 457 3000 493 3007; x_wconf 92' lang='lat'>-</span> <span class='ocrx_word' id='word_1_405' title='bbox 517 2983 553 3015; x_wconf 84' lang='lat' dir='ltr'>id</span> <span class='ocrx_word' id='word_1_406' title='bbox 565 2983 674 3023; x_wconf 84' lang='lat' dir='ltr'>ipsum</span> <span class='ocrx_word' id='word_1_407' title='bbox 686 2982 855 3022; x_wconf 84' lang='lat' dir='ltr'>paventes]</span> <span class='ocrx_word' id='word_1_408' title='bbox 872 2991 917 3015; x_wconf 91' lang='lat' dir='ltr'>ne</span> <span class='ocrx_word' id='word_1_409' title='bbox 934 2981 1080 3023; x_wconf 86' lang='lat' dir='ltr'>scilicet,</span> <span class='ocrx_word' id='word_1_410' title='bbox 1098 2982 1158 3024; x_wconf 92' lang='lat' dir='ltr'>qui</span> 
     </span>
     <span class='ocr_line' id='line_1_40' title="bbox 287 3031 1158 3074; baseline -0.006 -6"><span class='ocrx_word' id='word_1_411' title='bbox 287 3035 383 3068; x_wconf 90' lang='lat' dir='ltr'>hunc</span> <span class='ocrx_word' id='word_1_412' title='bbox 404 3034 572 3066; x_wconf 87' lang='lat' dir='ltr'>timorem</span> <span class='ocrx_word' id='word_1_413' title='bbox 598 3031 950 3072; x_wconf 87' lang='lat' dir='ltr'>animadvertissent,</span> <span class='ocrx_word' id='word_1_414' title='bbox 981 3032 1077 3074; x_wconf 89' lang='lat' dir='ltr'>ipsos</span> <span class='ocrx_word' id='word_1_415' title='bbox 1100 3032 1158 3064; x_wconf 90' lang='lat' dir='ltr'>Ti-</span> 
     </span>
     <span class='ocr_line' id='line_1_41' title="bbox 287 3081 1156 3124; baseline -0.005 -7"><span class='ocrx_word' id='word_1_416' title='bbox 287 3084 388 3117; x_wconf 90' lang='lat' dir='ltr'>berio</span> <span class='ocrx_word' id='word_1_417' title='bbox 404 3093 446 3117; x_wconf 90' lang='lat' dir='ltr'>ac</span> <span class='ocrx_word' id='word_1_418' title='bbox 463 3084 588 3116; x_wconf 86' lang='lat' dir='ltr'>Seiano</span> <span class='ocrx_word' id='word_1_419' title='bbox 604 3081 795 3114; x_wconf 88' lang='lat' dir='ltr'>deferrent.</span> <span class='ocrx_word' id='word_1_420' title='bbox 806 3098 841 3104; x_wconf 95' lang='lat'><strong>—</strong></span> <span class='ocrx_word' id='word_1_421' title='bbox 854 3090 951 3124; x_wconf 83' lang='lat' dir='ltr'>quem</span> <span class='ocrx_word' id='word_1_422' title='bbox 961 3082 1048 3114; x_wconf 87' lang='lat' dir='ltr'>enim</span> <span class='ocrx_word' id='word_1_423' title='bbox 1060 3081 1156 3124; x_wconf 83' lang='lat' dir='ltr'>diem]</span> 
     </span>
     <span class='ocr_line' id='line_1_42' title="bbox 289 3129 1158 3173; baseline -0.005 -6"><span class='ocrx_word' id='word_1_424' title='bbox 289 3135 420 3167; x_wconf 90' lang='lat' dir='ltr'>Sensus</span> <span class='ocrx_word' id='word_1_425' title='bbox 443 3134 479 3166; x_wconf 88' lang='lat' dir='ltr'>et</span> <span class='ocrx_word' id='word_1_426' title='bbox 502 3130 629 3165; x_wconf 87' lang='lat' dir='ltr'>occulti</span> <span class='ocrx_word' id='word_1_427' title='bbox 655 3139 840 3163; x_wconf 87' lang='lat' dir='ltr'>sermones</span> <span class='ocrx_word' id='word_1_428' title='bbox 864 3131 898 3163; x_wconf 89' lang='lat' dir='ltr'>hi</span> <span class='ocrx_word' id='word_1_429' title='bbox 929 3132 1013 3164; x_wconf 90' lang='lat' dir='ltr'>sunt</span> <span class='ocrx_word' id='word_1_430' title='bbox 1039 3129 1158 3173; x_wconf 91' lang='lat' dir='ltr'>populi</span> 
     </span>
     <span class='ocr_line' id='line_1_43' title="bbox 287 3179 1158 3220; baseline -0.005 -4"><span class='ocrx_word' id='word_1_431' title='bbox 287 3183 445 3216; x_wconf 89' lang='lat' dir='ltr'>Romani.</span> <span class='ocrx_word' id='word_1_432' title='bbox 474 3200 510 3206; x_wconf 93' lang='lat'>—</span> <span class='ocrx_word' id='word_1_433' title='bbox 540 3182 628 3214; x_wconf 88' lang='lat' dir='ltr'>inter</span> <span class='ocrx_word' id='word_1_434' title='bbox 648 3189 749 3212; x_wconf 84' lang='lat' dir='ltr'>sacra</span> <span class='ocrx_word' id='word_1_435' title='bbox 771 3183 802 3212; x_wconf 88' lang='lat' dir='ltr'>et</span> <span class='ocrx_word' id='word_1_436' title='bbox 823 3181 918 3220; x_wconf 86' lang='lat' dir='ltr'>vota]</span> <span class='ocrx_word' id='word_1_437' title='bbox 950 3179 1039 3213; x_wconf 88' lang='lat' dir='ltr'>Nihil</span> <span class='ocrx_word' id='word_1_438' title='bbox 1063 3181 1158 3212; x_wconf 91' lang='lat' dir='ltr'>enim</span> 
     </span>
     <span class='ocr_line' id='line_1_44' title="bbox 288 3229 1156 3275; baseline -0.003 -10"><span class='ocrx_word' id='word_1_439' title='bbox 288 3233 387 3266; x_wconf 86' lang='lat' dir='ltr'>triste</span> <span class='ocrx_word' id='word_1_440' title='bbox 420 3230 562 3275; x_wconf 88' lang='lat' dir='ltr'>publice</span> <span class='ocrx_word' id='word_1_441' title='bbox 595 3230 830 3273; x_wconf 87' lang='lat' dir='ltr'>privatimque</span> <span class='ocrx_word' id='word_1_442' title='bbox 865 3230 979 3271; x_wconf 90' lang='lat' dir='ltr'>primo</span> <span class='ocrx_word' id='word_1_443' title='bbox 1010 3229 1067 3262; x_wconf 90' lang='lat' dir='ltr'>illo</span> <span class='ocrx_word' id='word_1_444' title='bbox 1099 3229 1156 3262; x_wconf 90' lang='lat' dir='ltr'>die</span> 
     </span>
     <span class='ocr_line' id='line_1_45' title="bbox 289 3279 1157 3324; baseline -0.003 -9"><span class='ocrx_word' id='word_1_445' title='bbox 289 3282 492 3324; x_wconf 89' lang='lat' dir='ltr'>patrabant,</span> <span class='ocrx_word' id='word_1_446' title='bbox 518 3280 652 3314; x_wconf 88' lang='lat' dir='ltr'>nedum</span> <span class='ocrx_word' id='word_1_447' title='bbox 674 3281 714 3312; x_wconf 88' lang='lat' dir='ltr'>ut</span> <span class='ocrx_word' id='word_1_448' title='bbox 738 3280 914 3322; x_wconf 89' lang='lat' dir='ltr'>punirent.</span> <span class='ocrx_word' id='word_1_449' title='bbox 950 3279 1157 3313; x_wconf 83' lang='lat' dir='ltr'>Plutarchus</span> 
     </span>
     <span class='ocr_line' id='line_1_46' title="bbox 289 3325 1157 3376; baseline -0.002 -13"><span class='ocrx_word' id='word_1_450' title='bbox 289 3331 325 3364; x_wconf 92' lang='lat' dir='ltr'>in</span> <span class='ocrx_word' id='word_1_451' title='bbox 340 3332 448 3365; x_wconf 89' lang='lat' dir='ltr'>Mario</span> <span class='ocrx_word' id='word_1_452' title='bbox 464 3340 499 3374; x_wconf 90' lang='lat' dir='ltr'>p.</span> <span class='ocrx_word' id='word_1_453' title='bbox 517 3330 600 3364; x_wconf 72' lang='lat'>482:</span> <span class='ocrx_word' id='word_1_454' title='bbox 623 3330 689 3362; x_wconf 82' lang='grc' dir='ltr'>καὶ</span> <span class='ocrx_word' id='word_1_455' title='bbox 705 3325 928 3376; x_wconf 77' lang='grc' dir='ltr'><strong><em>προσελθών</em></strong></span> <span class='ocrx_word' id='word_1_456' title='bbox 946 3325 982 3370; x_wconf 83' lang='grc' dir='ltr'>(ὁ</span> <span class='ocrx_word' id='word_1_457' title='bbox 997 3327 1157 3375; x_wconf 73' lang='grc' dir='ltr'><em>Μάριος)</em></span> 
     </span>
     <span class='ocr_line' id='line_1_47' title="bbox 290 3373 1159 3425; baseline -0.005 -11"><span class='ocrx_word' id='word_1_458' title='bbox 290 3376 425 3422; x_wconf 81' lang='grc' dir='ltr'><strong><em>αὐταῖς</em></strong></span> <span class='ocrx_word' id='word_1_459' title='bbox 440 3377 655 3421; x_wconf 73' lang='grc' dir='ltr'><strong><em>Καλάνδαις</em></strong></span> <span class='ocrx_word' id='word_1_460' title='bbox 670 3375 921 3425; x_wconf 77' lang='grc' dir='ltr'><strong><em>Ἰανουαρίαις</em></strong></span> <span class='ocrx_word' id='word_1_461' title='bbox 931 3401 941 3418; x_wconf 84' lang='grc'>,</span> <span class='ocrx_word' id='word_1_462' title='bbox 964 3373 1075 3419; x_wconf 69' lang='grc' dir='ltr'><em>ἔτους</em></span> <span class='ocrx_word' id='word_1_463' title='bbox 1090 3375 1159 3425; x_wconf 78' lang='grc' dir='ltr'>ἀρ-</span> 
     </span>
     <span class='ocr_line' id='line_1_48' title="bbox 290 3424 1155 3479; baseline -0.002 -17"><span class='ocrx_word' id='word_1_464' title='bbox 290 3427 356 3479; x_wconf 79' lang='grc' dir='ltr'>χῇ,</span> <span class='ocrx_word' id='word_1_465' title='bbox 373 3427 512 3473; x_wconf 78' lang='grc' dir='ltr'><strong><em>Σέξτον</em></strong></span> <span class='ocrx_word' id='word_1_466' title='bbox 526 3426 611 3464; x_wconf 80' lang='grc' dir='ltr'><strong><em>τινὰ</em></strong></span> <span class='ocrx_word' id='word_1_467' title='bbox 626 3428 820 3464; x_wconf 74' lang='grc' dir='ltr'><strong><em>Λικίννιον</em></strong></span> <span class='ocrx_word' id='word_1_468' title='bbox 835 3424 1136 3475; x_wconf 78' lang='grc' dir='ltr'><strong><em>κατεκρήμνισεν</em></strong></span> <span class='ocrx_word' id='word_1_469' title='bbox 1146 3436 1155 3447; x_wconf 85' lang='grc'>·</span> 
     </span>
    </p>
   </div>
   <div class='ocr_carea' id='block_1_6' title="bbox 1203 2780 2079 3472">
    <p class='ocr_par' dir='ltr' id='par_1_6' title="bbox 1203 2780 2079 3023">
     <span class='ocr_line' id='line_1_49' title="bbox 1206 2780 2079 2823; baseline 0.001 -9"><span class='ocrx_word' id='word_1_470' title='bbox 1206 2791 1276 2815; x_wconf 92' lang='lat' dir='ltr'>non</span> <span class='ocrx_word' id='word_1_471' title='bbox 1300 2783 1436 2814; x_wconf 88' lang='lat' dir='ltr'>temere</span> <span class='ocrx_word' id='word_1_472' title='bbox 1460 2790 1577 2823; x_wconf 89' lang='lat' dir='ltr'>neque</span> <span class='ocrx_word' id='word_1_473' title='bbox 1599 2790 1706 2814; x_wconf 89' lang='lat' dir='ltr'>caeco</span> <span class='ocrx_word' id='word_1_474' title='bbox 1730 2780 1846 2823; x_wconf 90' lang='lat' dir='ltr'>aliquo</span> <span class='ocrx_word' id='word_1_475' title='bbox 1870 2782 1988 2815; x_wconf 85' lang='lat' dir='ltr'>surore</span> <span class='ocrx_word' id='word_1_476' title='bbox 2012 2782 2079 2815; x_wconf 86' lang='lat' dir='ltr'>ab·</span> 
     </span>
     <span class='ocr_line' id='line_1_50' title="bbox 1205 2830 2079 2873; baseline 0.002 -10"><span class='ocrx_word' id='word_1_477' title='bbox 1205 2833 1347 2873; x_wconf 83' lang='lat' dir='ltr'>raptum</span> <span class='ocrx_word' id='word_1_478' title='bbox 1363 2830 1544 2864; x_wconf 86' lang='lat' dir='ltr'>Tiberium</span> <span class='ocrx_word' id='word_1_479' title='bbox 1560 2835 1632 2864; x_wconf 84' lang='lat' dir='ltr'>tam</span> <span class='ocrx_word' id='word_1_480' title='bbox 1656 2830 1817 2864; x_wconf 91' lang='lat' dir='ltr'>odiosum</span> <span class='ocrx_word' id='word_1_481' title='bbox 1835 2831 1966 2865; x_wconf 82' lang='lat' dir='ltr'>factum</span> <span class='ocrx_word' id='word_1_482' title='bbox 1982 2840 2079 2865; x_wconf 90' lang='lat' dir='ltr'>com-</span> 
     </span>
     <span class='ocr_line' id='line_1_51' title="bbox 1205 2880 2078 2923; baseline 0.002 -10"><span class='ocrx_word' id='word_1_483' title='bbox 1205 2881 1357 2914; x_wconf 90' lang='lat' dir='ltr'>misisse.</span> <span class='ocrx_word' id='word_1_484' title='bbox 1379 2898 1415 2904; x_wconf 97' lang='lat'><strong>—</strong></span> <span class='ocrx_word' id='word_1_485' title='bbox 1441 2880 1579 2913; x_wconf 80' lang='lat' dir='ltr'>delubra</span> <span class='ocrx_word' id='word_1_486' title='bbox 1602 2883 1633 2913; x_wconf 89' lang='lat' dir='ltr'>et</span> <span class='ocrx_word' id='word_1_487' title='bbox 1655 2881 1793 2923; x_wconf 88' lang='lat' dir='ltr'>altaria]</span> <span class='ocrx_word' id='word_1_488' title='bbox 1818 2883 1853 2913; x_wconf 89' lang='lat' dir='ltr'>in</span> <span class='ocrx_word' id='word_1_489' title='bbox 1870 2882 2078 2923; x_wconf 81' lang='lat' dir='ltr'>magistratu</span> 
     </span>
     <span class='ocr_line' id='line_1_52' title="bbox 1203 2929 2077 2974; baseline 0.002 -11"><span class='ocrx_word' id='word_1_490' title='bbox 1203 2930 1369 2964; x_wconf 85' lang='lat' dir='ltr'>ineundo.</span> <span class='ocrx_word' id='word_1_491' title='bbox 1385 2947 1421 2953; x_wconf 88' lang='lat'>—-</span> <span class='ocrx_word' id='word_1_492' title='bbox 1440 2930 1614 2973; x_wconf 85' lang='lat' dir='ltr'>trepidam]</span> <span class='ocrx_word' id='word_1_493' title='bbox 1632 2929 1815 2964; x_wconf 82' lang='lat' dir='ltr'>sollicitam</span> <span class='ocrx_word' id='word_1_494' title='bbox 1830 2934 1977 2974; x_wconf 89' lang='lat' dir='ltr'>propter</span> <span class='ocrx_word' id='word_1_495' title='bbox 1993 2940 2077 2965; x_wconf 91' lang='lat' dir='ltr'>con-</span> 
     </span>
     <span class='ocr_line' id='line_1_53' title="bbox 1205 2979 1495 3023; baseline -0.003 -10"><span class='ocrx_word' id='word_1_496' title='bbox 1205 2981 1304 3013; x_wconf 90' lang='lat' dir='ltr'>tinua</span> <span class='ocrx_word' id='word_1_497' title='bbox 1326 2979 1495 3023; x_wconf 90' lang='lat' dir='ltr'>pericula.</span> 
     </span>
    </p>

    <p class='ocr_par' dir='ltr' id='par_1_7' title="bbox 1204 3029 2076 3472">
     <span class='ocr_line' id='line_1_54' title="bbox 1248 3029 2076 3073; baseline 0.004 -11"><span class='ocrx_word' id='word_1_498' title='bbox 1248 3031 1284 3062; x_wconf 75' lang='lat'>7⁴</span> <span class='ocrx_word' id='word_1_499' title='bbox 1294 3054 1302 3062; x_wconf 95' lang='lat'>.</span> <span class='ocrx_word' id='word_1_500' title='bbox 1320 3038 1401 3071; x_wconf 82' lang='lat' dir='ltr'>quos</span> <span class='ocrx_word' id='word_1_501' title='bbox 1415 3030 1566 3062; x_wconf 81' lang='lat' dir='ltr'>Latinius</span> <span class='ocrx_word' id='word_1_502' title='bbox 1580 3032 1681 3070; x_wconf 81' lang='lat' dir='ltr'>atque</span> <span class='ocrx_word' id='word_1_503' title='bbox 1697 3029 1814 3070; x_wconf 79' lang='lat' dir='ltr'>Opsius</span> <span class='ocrx_word' id='word_1_504' title='bbox 1829 3030 1912 3073; x_wconf 86' lang='lat' dir='ltr'>cet.]</span> <span class='ocrx_word' id='word_1_505' title='bbox 1937 3031 2076 3065; x_wconf 80' lang='lat' dir='ltr'>Exitum</span> 
     </span>
     <span class='ocr_line' id='line_1_55' title="bbox 1204 3078 2075 3124; baseline 0.001 -11"><span class='ocrx_word' id='word_1_506' title='bbox 1204 3079 1327 3113; x_wconf 87' lang='lat' dir='ltr'>Latinii</span> <span class='ocrx_word' id='word_1_507' title='bbox 1353 3078 1465 3113; x_wconf 90' lang='lat' dir='ltr'>habes</span> <span class='ocrx_word' id='word_1_508' title='bbox 1496 3080 1527 3119; x_wconf 90' lang='grc'>6,</span> <span class='ocrx_word' id='word_1_509' title='bbox 1553 3079 1586 3113; x_wconf 71' lang='lat'>4.</span> <span class='ocrx_word' id='word_1_510' title='bbox 1631 3081 1768 3112; x_wconf 86' lang='lat' dir='ltr'>Poenas</span> <span class='ocrx_word' id='word_1_511' title='bbox 1791 3080 1903 3122; x_wconf 91' lang='lat' dir='ltr'>Opsii,</span> <span class='ocrx_word' id='word_1_512' title='bbox 1934 3081 2075 3124; x_wconf 62' lang='lat' dir='ltr'>Catonis</span> 
     </span>
     <span class='ocr_line' id='line_1_56' title="bbox 1206 3128 2075 3171; baseline 0.002 -8"><span class='ocrx_word' id='word_1_513' title='bbox 1206 3132 1242 3163; x_wconf 89' lang='lat' dir='ltr'>et</span> <span class='ocrx_word' id='word_1_514' title='bbox 1263 3129 1375 3164; x_wconf 87' lang='lat' dir='ltr'>Petilii</span> <span class='ocrx_word' id='word_1_515' title='bbox 1398 3129 1540 3162; x_wconf 82' lang='lat' dir='ltr'>tradidit</span> <span class='ocrx_word' id='word_1_516' title='bbox 1561 3129 1596 3162; x_wconf 90' lang='lat' dir='ltr'>in</span> <span class='ocrx_word' id='word_1_517' title='bbox 1621 3128 1718 3162; x_wconf 87' lang='lat' dir='ltr'>libris</span> <span class='ocrx_word' id='word_1_518' title='bbox 1742 3129 1945 3171; x_wconf 84' lang='lat' dir='ltr'>deperditis.</span> <span class='ocrx_word' id='word_1_519' title='bbox 1981 3131 2075 3165; x_wconf 83' lang='lat' dir='ltr'>Unus</span> 
     </span>
     <span class='ocr_line' id='line_1_57' title="bbox 1205 3178 2073 3221; baseline 0.001 -9"><span class='ocrx_word' id='word_1_520' title='bbox 1205 3180 1358 3213; x_wconf 89' lang='lat' dir='ltr'>Latinius</span> <span class='ocrx_word' id='word_1_521' title='bbox 1391 3178 1556 3212; x_wconf 90' lang='lat' dir='ltr'>incolumi</span> <span class='ocrx_word' id='word_1_522' title='bbox 1579 3178 1718 3212; x_wconf 87' lang='lat' dir='ltr'>Tiberio</span> <span class='ocrx_word' id='word_1_523' title='bbox 1752 3187 1905 3221; x_wconf 88' lang='lat' dir='ltr'>poenam</span> <span class='ocrx_word' id='word_1_524' title='bbox 1933 3179 2008 3213; x_wconf 88' lang='lat' dir='ltr'>luit.</span> <span class='ocrx_word' id='word_1_525' title='bbox 2036 3198 2073 3206; x_wconf 91' lang='lat'><strong>—</strong></span> 
     </span>
     <span class='ocr_line' id='line_1_58' title="bbox 1208 3227 2076 3272; baseline 0.001 -10"><span class='ocrx_word' id='word_1_526' title='bbox 1208 3248 1244 3253; x_wconf 91' lang='lat'><strong>—</strong></span> <span class='ocrx_word' id='word_1_527' title='bbox 1269 3230 1402 3262; x_wconf 80' lang='lat' dir='ltr'>Asinius</span> <span class='ocrx_word' id='word_1_528' title='bbox 1425 3229 1550 3272; x_wconf 82' lang='lat' dir='ltr'>Gallus]</span> <span class='ocrx_word' id='word_1_529' title='bbox 1573 3229 1662 3262; x_wconf 88' lang='lat' dir='ltr'>Vide</span> <span class='ocrx_word' id='word_1_530' title='bbox 1687 3227 1732 3261; x_wconf 91' lang='lat' dir='ltr'>ad</span> <span class='ocrx_word' id='word_1_531' title='bbox 1756 3229 1787 3268; x_wconf 80' lang='grc'>4,</span> <span class='ocrx_word' id='word_1_532' title='bbox 1815 3229 1867 3262; x_wconf 77' lang='lat'>42.</span> <span class='ocrx_word' id='word_1_533' title='bbox 1888 3246 1925 3254; x_wconf 94' lang='lat'><strong>—</strong></span> <span class='ocrx_word' id='word_1_534' title='bbox 1950 3234 2076 3263; x_wconf 82' lang='lat' dir='ltr'>mater-</span> 
     </span>
     <span class='ocr_line' id='line_1_59' title="bbox 1205 3278 2071 3322; baseline 0.001 -10"><span class='ocrx_word' id='word_1_535' title='bbox 1205 3284 1279 3313; x_wconf 87' lang='lat' dir='ltr'>tera</span> <span class='ocrx_word' id='word_1_536' title='bbox 1300 3279 1384 3321; x_wconf 89' lang='lat' dir='ltr'>erat]</span> <span class='ocrx_word' id='word_1_537' title='bbox 1408 3279 1573 3321; x_wconf 81' lang='lat' dir='ltr'>Vipsania</span> <span class='ocrx_word' id='word_1_538' title='bbox 1597 3279 1711 3318; x_wconf 88' lang='lat' dir='ltr'>enim,</span> <span class='ocrx_word' id='word_1_539' title='bbox 1736 3278 1781 3312; x_wconf 81' lang='lat' dir='ltr'>M.</span> <span class='ocrx_word' id='word_1_540' title='bbox 1800 3279 1973 3322; x_wconf 79' lang='lat' dir='ltr'>Agrippae</span> <span class='ocrx_word' id='word_1_541' title='bbox 1990 3279 2071 3322; x_wconf 84' lang='lat' dir='ltr'>filia,</span> 
     </span>
     <span class='ocr_line' id='line_1_60' title="bbox 1206 3327 2073 3371; baseline 0.001 -9"><span class='ocrx_word' id='word_1_542' title='bbox 1206 3337 1298 3371; x_wconf 86' lang='lat' dir='ltr'>quae</span> <span class='ocrx_word' id='word_1_543' title='bbox 1331 3328 1446 3371; x_wconf 89' lang='lat' dir='ltr'>primo</span> <span class='ocrx_word' id='word_1_544' title='bbox 1477 3328 1636 3368; x_wconf 80' lang='lat' dir='ltr'>Tiberio,</span> <span class='ocrx_word' id='word_1_545' title='bbox 1672 3327 1801 3361; x_wconf 85' lang='lat' dir='ltr'>deinde</span> <span class='ocrx_word' id='word_1_546' title='bbox 1829 3330 1948 3362; x_wconf 83' lang='lat' dir='ltr'>Asinio</span> <span class='ocrx_word' id='word_1_547' title='bbox 1977 3329 2073 3363; x_wconf 90' lang='lat' dir='ltr'>Gallo</span> 
     </span>
     <span class='ocr_line' id='line_1_61' title="bbox 1206 3377 2073 3422; baseline 0.001 -10"><span class='ocrx_word' id='word_1_548' title='bbox 1206 3380 1314 3422; x_wconf 85' lang='lat' dir='ltr'>nupta</span> <span class='ocrx_word' id='word_1_549' title='bbox 1330 3379 1424 3419; x_wconf 83' lang='lat' dir='ltr'>erat,</span> <span class='ocrx_word' id='word_1_550' title='bbox 1451 3379 1487 3410; x_wconf 89' lang='lat' dir='ltr'>et</span> <span class='ocrx_word' id='word_1_551' title='bbox 1501 3377 1688 3420; x_wconf 77' lang='lat' dir='ltr'>Agrippina</span> <span class='ocrx_word' id='word_1_552' title='bbox 1705 3378 1918 3419; x_wconf 87' lang='lat' dir='ltr'>Germanici,</span> <span class='ocrx_word' id='word_1_553' title='bbox 1944 3379 2073 3413; x_wconf 81' lang='lat' dir='ltr'>eodem</span> 
     </span>
     <span class='ocr_line' id='line_1_62' title="bbox 1207 3425 2071 3472; baseline 0.002 -11"><span class='ocrx_word' id='word_1_554' title='bbox 1207 3428 1358 3471; x_wconf 81' lang='lat' dir='ltr'>Agrippa</span> <span class='ocrx_word' id='word_1_555' title='bbox 1381 3428 1483 3470; x_wconf 82' lang='lat' dir='ltr'>patre</span> <span class='ocrx_word' id='word_1_556' title='bbox 1505 3427 1639 3469; x_wconf 80' lang='lat' dir='ltr'>genita,</span> <span class='ocrx_word' id='word_1_557' title='bbox 1664 3426 1729 3460; x_wconf 84' lang='lat' dir='ltr'>sed</span> <span class='ocrx_word' id='word_1_558' title='bbox 1751 3425 1816 3461; x_wconf 84' lang='lat' dir='ltr'>alia</span> <span class='ocrx_word' id='word_1_559' title='bbox 1833 3431 1946 3463; x_wconf 86' lang='lat' dir='ltr'>matre</span> <span class='ocrx_word' id='word_1_560' title='bbox 1963 3428 2071 3472; x_wconf 77' lang='lat' dir='ltr'>(lulla,</span> 
     </span>
    </p>
   </div>
  </div>
 </body>
</html>
