2254 3770
778 301 932 346 LIBER
961 300 1049 344 XII.
1095 300 1196 357 Cap.
1226 301 1265 343 6.
1295 300 1336 344 7.
1366 300 1406 344 8.
1916 296 2000 339 349

217 412 437 456 decretum
480 409 665 468 postulat
700 422 788 467 quo
829 409 964 452 iustae
1011 411 1120 451 inter
1155 414 1332 465 patruos
1376 407 1638 464 fratrumque
1676 404 1784 448 filias
1829 404 2002 462 nuptiae

217 488 343 531 etiam
382 487 423 529 in
458 491 679 544 posterum
710 490 1009 528 statuerentur.
1054 496 1135 526 nec
1165 489 1305 525 tamen
1336 489 1532 540 repertus
1563 484 1628 525 est
1656 482 1736 523 nisi
1766 494 1877 523 unus
1908 479 2001 523 talis

217 561 468 606 matrimonii
509 561 690 618 cupitor,
730 559 919 603 Alledius
957 559 1164 608 Severus,
1203 572 1340 615 eques
1369 559 1605 607 Romanus,
1645 570 1777 614 quem
1805 555 2001 613 plerique

213 637 472 695 Agrippinae
502 636 636 693 gratia
666 635 880 693 inpulsum
911 634 1113 678 ferebant.
1160 646 1287 676 versa
1317 646 1371 676 ex
1399 646 1452 676 eo
1482 633 1648 683 civitas,
1689 639 1732 675 et
1760 637 1913 674 cuncta
1942 631 2003 673 se—

215 712 356 756 minae
386 710 647 755 obediebant
676 725 759 754 non
788 724 866 767 per
895 709 1133 759 lasciviam,
1165 715 1211 751 ut
1241 707 1484 759 Messalina,
1515 708 1646 752 rebus
1676 707 1875 751 Romanis
1908 706 2034 755 illu—5

215 788 344 831 denti.
398 786 628 830 adductum
667 792 710 829 et
748 786 871 843 quasi
912 785 1030 828 virile
1065 784 1305 827 servitium:
1342 782 1484 840 palam
1513 784 1720 827 severitas
1750 797 1801 826 ac
1830 782 2004 840 saepius

216 862 443 921 superbia;
473 861 574 904 nihil
605 861 720 905 domi
751 860 1018 918 inpudicum,
1051 859 1132 902 nisi
1164 858 1439 902 dominationi
1469 858 1703 916 expediret.
1734 858 1891 916 cupido
1911 858 2003 900 auri

215 939 410 982 inmensa
454 937 674 981 obtentum
714 935 919 987 habebat,
965 935 1087 992 quasi
1119 933 1360 977 subsidium
1390 948 1523 991 regno
1553 941 1788 991 pararetur.
1849 934 1902 989 (8)
1934 933 2004 977 die

216 1014 458 1072 nuptiarum
489 1012 658 1057 Silanus
691 1018 868 1055 mortem
899 1010 980 1054 sibi
1011 1010 1236 1060 conscivit,
1269 1009 1360 1053 sive
1391 1023 1443 1052 eo
1471 1023 1610 1067 usque
1631 1023 1752 1067 spem
1773 1010 1884 1052 vitae
1906 1023 2005 1067 pro-

217 1089 413 1139 duxerat,
455 1102 531 1132 seu
572 1087 740 1131 delecto
779 1086 849 1130 die
892 1085 1133 1142 augendam
1173 1085 1225 1127 ad
1257 1084 1469 1128 invidiam.
1516 1084 1709 1136 Calvina,
1741 1098 1866 1128 soror
1895 1084 2002 1135 eius,
2019 1103 2055 1133 ιο

215 1164 334 1208 Italia
362 1164 488 1221 pulsa
516 1170 594 1207 est.
635 1162 797 1206 addidit
817 1161 1020 1206 Claudius
1050 1174 1173 1204 sacra
1203 1174 1256 1203 ex
1284 1159 1451 1217 legibus
1472 1159 1575 1203 Tulli
1606 1160 1720 1217 regis
1749 1159 2004 1218 piaculaque

217 1240 331 1298 apud
361 1239 506 1283 lucum
525 1239 684 1282 Dianae
714 1252 794 1295 per
817 1237 1040 1295 pontifices
1061 1235 1220 1286 danda,
1254 1235 1527 1278 irridentibus
1550 1236 1731 1286 cunctis,
1763 1235 1879 1293 quod
1901 1249 2006 1293 poe—

219 1329 299 1359 nae
342 1314 754 1372 procurationesque
793 1313 940 1357 incesti
980 1312 1024 1355 id
1061 1311 1266 1369 temporis
1305 1311 1643 1369 exquirerentur.
1691 1317 1734 1354 at
1762 1311 2003 1369 Agrippina,

218 1405 273 1434 ne
303 1389 425 1433 malis
445 1396 607 1433 tantum
630 1388 889 1433 facinoribus
908 1394 1167 1438 notesceret,
1199 1386 1368 1430 veniam
1388 1386 1502 1429 exilii
1529 1401 1607 1444 pro
1630 1388 1804 1430 Annaeo
1827 1388 2003 1438 Seneca,

193 1465 345 1510 ·simul
373 1472 618 1524 praeturam
650 1465 861 1522 impetrat,
894 1463 1050 1507 laetum
1082 1463 1124 1505 in
1153 1461 1372 1520 publicum
1402 1469 1490 1504 rata
1520 1461 1577 1505 ob
1604 1461 1898 1506 claritudinem
1917 1470 2056 1509 stu-⁴⁵

218 1541 386 1585 diorum
415 1541 530 1592 eius,
566 1547 697 1598 utque
730 1539 898 1583 Domitii
927 1538 1110 1596 pueritia
1137 1537 1209 1581 tali
1239 1537 1441 1594 magistro
1471 1537 1738 1582 adolesceret
1758 1545 1799 1582 et
1819 1538 2007 1583 consiliis

220 1616 417 1661 eiusdem
446 1616 499 1660 ad
530 1630 653 1674 spem
683 1615 981 1658 dominationis
1010 1621 1249 1663 uterentur,
1280 1613 1382 1671 quia
1411 1614 1577 1658 Seneca
1606 1613 1719 1657 fidus
1750 1615 1791 1657 in
1811 1614 2007 1672 Agrippi-

239 1794 254 1797 ’
284 1789 314 1821 4.
338 1785 469 1830 finiiquc
491 1788 523 1820 M
549 1804 585 1809 —
611 1787 643 1820 2.
668 1795 728 1819 nec
749 1787 801 1819 M:
827 1795 931 1828 nequa
952 1784 1067 1827 vulgo.
1090 1803 1124 1809 —
1149 1789 1341 1826 recepturus
1363 1786 1397 1819 M
1421 1785 1580 1827 (repertus
1594 1785 1728 1827 margo)
1755 1804 1791 1810 -—
1816 1786 1847 1818 3.
1864 1786 2009 1820 Alledius

217 1845 387 1878 Ritterus:
413 1844 565 1877 tallcdius
585 1844 638 1882 M;
665 1843 699 1875 Τ.
715 1843 861 1876 Alledius
883 1843 1019 1884 Lipsius
1043 1841 1119 1883 (sed
1142 1841 1222 1875 vide
1246 1842 1292 1874 ad
1315 1841 1368 1882 43,
1389 1841 1455 1883 30).
1483 1859 1518 1865 -
1544 1843 1578 1874 5.
1601 1842 1781 1875 messalina
1802 1843 1853 1875 M:
1879 1844 2007 1875 Messa-

217 1900 306 1933 linae
333 1899 400 1933 alii.
428 1917 464 1922 —
502 1900 533 1932 7.
558 1899 658 1931 nichil
680 1899 713 1931 M
743 1916 779 1921 —
817 1898 870 1931 43.
896 1899 941 1930 ad
969 1897 1144 1943 agrippina
1172 1898 1205 1932 M
1231 1916 1266 1922 -
1303 1897 1356 1931 44.
1382 1906 1488 1930 annea
1510 1898 1542 1931 M
1575 1915 1610 1921 —
1647 1899 1701 1932 45.
1719 1901 1887 1940 practura
1909 1900 1943 1933 M
1968 1916 2004 1922 —

219 1958 272 1991 47.
296 1959 470 1991 uterentur
491 1957 542 1990 M:
566 1960 716 1990 uteretur
739 1957 778 1989 G.

218 2093 310 2127 civili
331 2093 414 2126 bello
438 2093 662 2134 imperitabat.
699 2094 816 2125 Germ.
842 2092 903 2126 43:
931 2093 1092 2126 Gothones

218 2147 406 2186 regnantur
426 2145 531 2184 paulo
552 2144 623 2176 iam
645 2143 820 2175 adductius
842 2151 943 2183 quam
966 2146 1093 2175 ceterae

221 2194 465 2227 Germanorum
479 2197 600 2236 gentes.
625 2194 830 2235 Metaphora
848 2193 952 2226 ducta
976 2195 1030 2226 est
1045 2192 1090 2226 ab

220 2243 371 2277 habenis
406 2244 573 2284 adductis,
610 2252 701 2286 quae
740 2244 831 2276 lamis
864 2244 1093 2286 opponuntur

221 2293 317 2337 apud
340 2294 412 2327 Cic.
431 2293 523 2326 Lael.
543 2293 597 2327 43.
625 2311 661 2317 —
686 2294 769 2326 nihil
791 2294 879 2326 domi
901 2293 1093 2334 inpudicum

222 2344 305 2386 cet.]
328 2345 494 2376 Attamen
517 2353 548 2376 c.
573 2345 616 2377 25
646 2343 756 2377 Pallas
785 2347 900 2384 stupro
921 2344 991 2375 eius
1013 2344 1092 2376 inli-

220 2397 320 2436 qatus
348 2394 494 2431 dicitur:
527 2394 591 2427 sed
621 2394 690 2427 hoc
714 2403 856 2435 quoque
880 2392 1091 2426 adulterium

222 2444 452 2477 dominationi
482 2443 714 2486 expediebat;
750 2452 832 2476 nam
862 2443 1009 2476 libertus
1035 2442 1091 2476 ille

223 2503 362 2527 summa
390 2494 544 2536 potentia
568 2494 670 2536 apud*
687 2493 872 2527 Claudium
895 2493 1088 2526 fruebatur.

226 2561 261 2567 —
281 2543 456 2586 obtentum]
473 2546 708 2586 praetextum,
728 2545 898 2586 speciem,
917 2541 1092 2590 πρόσχη-

221 2603 289 2636 μα.
319 2612 352 2617 -
378 2594 492 2636 rayno]
523 2593 750 2626 dominationi
773 2595 886 2635 magis
909 2594 1091 2636 magisque

223 2642 467 2676 stabiliendae.

265 2693 298 2726 8.
330 2694 382 2726 dic
421 2694 620 2734 nuptiarum
658 2693 794 2726 Silanus
828 2694 910 2734 cet.]
945 2694 1088 2727 Sueton.

223 2742 345 2776 Claud.
364 2743 423 2787 29:
449 2744 585 2776 Silanus
606 2743 762 2776 abdicare
783 2752 818 2776 sa
835 2746 1001 2784 praetura
1016 2748 1093 2777 ante

222 2802 268 2827 ιν.
285 2794 361 2826 Kal.
378 2794 452 2826 Ian.
476 2794 628 2834 mamque
649 2794 743 2826 initio
765 2794 847 2826 anni
869 2797 1015 2834 coactus,
1040 2795 1093 2827 dia

221 2844 293 2885 ipso
309 2843 440 2876 Claudii
456 2847 487 2876 ot
500 2844 704 2885 Agrippinae
717 2844 924 2885 nuptiarum.
945 2861 981 2867 --
998 2853 1092 2876 mor-

222 2896 287 2925 tem
309 2893 369 2926 sibi
392 2893 558 2935 conscivit]
584 2894 697 2926 Minus
719 2895 885 2926 accurate
905 2894 1092 2926 Suetonius

224 2942 347 2975 Claud.
371 2943 433 2975 27:
458 2952 475 2976 e
496 2944 626 2985 gener-is
640 2961 690 2968 --
704 2944 893 2984 Pompeium
915 2947 1015 2985 atque
1036 2944 1092 2976 Si-

223 2993 340 3025 lanum
360 3002 428 3025 non
448 2994 616 3026 recusavit
635 2994 751 3034 modo,
784 2994 841 3026 sed
862 2997 892 3026 et
913 2995 1089 3026 interemit.

224 3043 288 3075 Dio
303 3043 359 3082 00,
377 3042 413 3075 34
430 3051 438 3074 2
462 3039 531 3075 τὸν
545 3039 710 3076 Σιλανὸν
725 3040 778 3085 ὥς
793 3040 1092 3083 ἐπιβουλεύοντά

224 3092 265 3124 οἱ
277 3087 508 3125 ἀπέκτεινεν.
524 3109 560 3116 -
577 3093 721 3126 Calvina
735 3111 755 3117 -
767 3111 786 3117 -
801 3094 903 3126 Italia
921 3094 1020 3134 pulsa
1034 3095 1091 3135 est]

224 3142 370 3175 sedibus
392 3143 514 3185 patriis
536 3143 578 3184 (a.
596 3152 632 3175 u.
650 3143 724 3183 8⁴2)
748 3142 886 3175 reddita
910 3152 930 3175 a
952 3144 1091 3176 Nerone

226 3191 292 3233 (44,
311 3192 376 3234 42).
402 3193 489 3224 Sunt
511 3191 571 3233 qui
595 3200 675 3224 eam
690 3191 734 3224 ad
750 3190 871 3224 ultima
888 3192 1093 3234 Vespasiani

225 3242 386 3283 tempora
394 3243 503 3274 vitam
515 3240 724 3284 produxisse
737 3241 935 3283 opinentur.
949 3243 992 3275 At
1001 3242 1092 3276 hanc

226 3289 406 3324 calvinum
428 3300 499 3324 non
523 3290 675 3323 eandem
698 3290 806 3324 fuisse
823 3299 906 3324 cum
929 3300 971 3324 ea
994 3293 1093 3325 Iunia

228 3338 389 3380 Calvina,
415 3349 524 3382 quam
547 3341 806 3373 commemorat
827 3340 1012 3373 Suetonius
1026 3342 1094 3374 Ve-

228 3395 322 3430 spas.
338 3389 393 3430 23,
420 3390 485 3423 sed
508 3391 585 3423 eius
608 3391 772 3431 amitam,
796 3389 917 3423 docuit
935 3399 979 3423 ex
995 3391 1092 3424 titulo

230 3436 434 3472 Gmteriano
466 3439 520 3482 (p.
546 3439 651 3480 ⁴042,
674 3439 713 3481 2)
737 3439 950 3481 Boi-gnosius
971 3441 1094 3475 Annali

1140 2094 1213 2128 dell’
1228 2093 1381 2126 Instituto
1396 2093 1482 2132 XXI,
1499 2102 1535 2135 p.
1550 2092 1592 2127 44
1608 2102 1663 2135 sq.
1681 2111 1716 2118 —
1736 2094 1847 2137 sacra]
1871 2094 2008 2137 Lipsius

1141 2143 1269 2176 eadem
1302 2152 1403 2176 saera
1434 2143 1626 2184 existimat,
1662 2153 1754 2186 quae
1788 2145 1888 2177 iussu
1922 2144 2010 2178 Tulli

1141 2193 1273 2227 Hostilii
1296 2194 1341 2226 ad
1365 2194 1575 2236 expiandam
1592 2203 1719 2228 necem
1735 2197 1906 2230 sororiam
1923 2197 2010 2239 (Ho-

1140 2244 1230 2285 ratii)
1254 2244 1345 2277 facta
1368 2246 1450 2277 sunt
1466 2245 1548 2287 (Liv.
1568 2246 1599 2285 4,
1617 2246 1659 2278 26
1676 2246 1712 2278 et
1726 2246 1872 2288 Dionys.
1890 2247 1922 2287 3,
1939 2247 2006 2289 22).

1141 2295 1210 2328 Sed
1233 2294 1538 2337 quemadmodum
1561 2304 1688 2337 magna
1707 2295 1903 2330 differentia
1918 2298 2010 2330 inter

1141 2355 1267 2378 necem
1291 2346 1422 2379 sororis
1446 2347 1482 2377 et
1503 2346 1679 2379 incestum
1693 2372 1700 2386 ‚
1725 2348 1772 2379 ita
1788 2347 1927 2380 diversa
1944 2357 2010 2390 pa-

1139 2397 1226 2428 riter
1240 2404 1340 2428 sacra
1359 2395 1403 2427 ad
1419 2395 1546 2428 horum
1562 2395 1758 2430 facinorum
1772 2399 2007 2440 expiationem

1140 2445 1294 2478 adhibita
1311 2445 1488 2478 videntur.
1507 2446 1608 2478 chx.
1629 2464 1666 2469 ——
1683 2448 1774 2488 apud
1795 2449 1906 2483 lucum
1921 2452 2009 2484 Dia-

1139 2496 1214 2538 nae]
1238 2496 1407 2529 Referunt
1422 2495 1466 2528 ad
1484 2505 1585 2537 eum,
1611 2496 1656 2529 de
1673 2506 1743 2539 quo
1758 2498 1888 2533 Plinius
1904 2502 1944 2533 N.
1964 2502 2005 2534 H.

1143 2547 1182 2579 46
1206 2546 1226 2588 S
1248 2546 1332 2579 242:
1367 2547 1427 2578 Est
1453 2546 1489 2579 in
1516 2546 1706 2580 suburbano
1730 2549 1905 2582 Tusculani
1932 2552 2009 2594 agri

1140 2596 1236 2637 colle,
1271 2597 1329 2638 qui
1363 2596 1468 2629 Corne
1501 2597 1707 2639 appellatur,
1742 2599 1836 2632 lucus
1865 2603 2010 2643 antiqua

1139 2647 1299 2689 religione
1312 2647 1446 2679 Dianae
1460 2651 1615 2680 sacratus
1629 2657 1651 2680 a
1665 2649 1762 2682 Latio
1779 2651 1886 2692 (Tatio
1901 2653 2010 2685 Hein-

1140 2696 1235 2737 sius).
1269 2696 1339 2729 Sed
1361 2697 1482 2738 quidni
1505 2699 1700 2738 cogitemus
1717 2699 1762 2732 de
1781 2699 1862 2734 luco
1877 2703 2010 2736 Nemo-

1140 2747 1236 2779 rensi
1259 2755 1370 2788 prope
1391 2747 1567 2779 Ariciam?
1591 2748 1759 2782 Ceterum
1782 2751 1818 2784 in
1840 2752 1896 2786 his
1919 2763 2010 2796 quo-

1141 2806 1210 2838 que
1226 2796 1326 2829 vides
1341 2797 1486 2837 vestigia
1501 2797 1660 2831 eruditae
1679 2799 1768 2834 illius
1785 2804 2008 2845 curiositatis,

1141 2855 1210 2888 qua
1228 2845 1393 2879 Claudius
1416 2847 1598 2880 inusitatas
1620 2849 1690 2882 iam
1708 2852 1940 2886 caerimonias
1956 2863 2010 2887 re-

1141 2899 1298 2929 staurare
1323 2896 1522 2929 affectabat.
1551 2916 1586 2921 —
1622 2899 1755 2942 incesti]
1786 2904 1885 2937 cuius
1908 2903 2009 2938 Silius

1141 2955 1224 2979 cum
1247 2955 1369 2980 sorore
1394 2946 1536 2980 Calvina
1559 2948 1780 2985 insimulatus
1803 2956 1889 2987 erat.
1915 2973 1949 2978 —
1975 2956 2010 2988 id
2058 2980 2060 2982 -

1141 2995 1307 3038 temporis]
1342 2996 1365 3028 i.
1390 3006 1423 3029 e.
1455 3006 1499 3030 eo
1528 2999 1707 3042 tempore,
1745 3011 1815 3044 quo
1843 3003 2008 3038 Claudius

1141 3046 1217 3088 ipse
1240 3054 1279 3078 re
1301 3054 1386 3078 vera
1409 3047 1585 3081 incestum
1607 3052 1795 3085 commisit.
1816 3071 1852 3077 —
1877 3054 2010 3087 veniam

1141 3095 1246 3136 anilii]
1270 3094 1456 3137 Relegatus
1479 3099 1575 3131 enim
1598 3100 1731 3133 Seneca
1748 3104 1829 3143 post
1845 3105 2011 3144 quaestu-

1140 3153 1218 3177 ram
1251 3153 1271 3177 a
1306 3144 1451 3179 Claudio
1485 3147 1520 3180 in
1555 3148 1735 3183 Corsicam
1758 3150 1925 3193 insulam,
1961 3153 2008 3186 ob

1141 3195 1377 3236 suspicionem
1408 3196 1569 3230 adulterii
1599 3207 1679 3231 cum
1703 3198 1787 3232 Iulia
1811 3202 2008 3236 Germanici

1142 3242 1227 3283 filia,
1252 3240 1374 3278 Vinicii
1397 3255 1527 3287 uxore;
1554 3249 1652 3282 cuius
1676 3250 1832 3283 criminis
1855 3260 1962 3286 scena
1986 3263 2007 3287 a

1142 3293 1325 3329 Messalina
1337 3296 1400 3329 fuit
1411 3315 1443 3320 ——
1455 3306 1562 3331 scena
1576 3298 1671 3339 dic03
1690 3308 1759 3332 non
1772 3301 1868 3335 enim
1879 3304 2008 3346 reipsa

1143 3345 1274 3386 expetit
1294 3346 1329 3378 in
1352 3347 1387 3379 te
1411 3347 1501 3380 haec
1524 3347 1644 3390 culpa,
1679 3357 1699 3381 o
1723 3350 1869 3384 Romani
1892 3354 2008 3385 nomi-

1142 3394 1195 3427 nis
1218 3396 1255 3427 et
1269 3397 1460 3438 sapientiae
1476 3406 1603 3439 magne
1619 3397 1683 3432 sol.
1701 3399 1788 3433 Lirs.
1815 3401 1865 3434 Cf.
1884 3402 1937 3443 43,
1950 3402 2005 3436 42.

1141 3442 1205 3476 Dio
1228 3444 1282 3487 60,
1306 3445 1338 3479 8.
1365 3445 1479 3479 schol.
1503 3447 1625 3480 Iuven.
1651 3448 1683 3489 5,
1702 3448 1778 3483 409.
1799 3467 1835 3475 -
1860 3451 2007 3493 adspem
