2254 3770
728 294 731 296 “
795 291 949 337 LIBER
976 291 1027 335 Π.
1085 290 1186 350 Cap.
1216 291 1284 335 46.
1313 290 1380 335 47.

1898 290 1979 334 ’109

210 401 420 449 concessit
453 400 651 459 misitque
679 399 843 458 legatos
872 399 926 443 ad
955 397 1170 443 Tiberium
1198 403 1393 442 oraturos
1423 395 1590 441 auxilia.
1633 409 1886 454 responsum
1917 402 1982 441 est

209 493 295 524 non
322 479 415 523 iure
443 490 542 522 eum
571 475 780 520 adversus
801 474 1041 526 Cheruscos
1062 487 1180 518 arma
1198 475 1386 518 Romana
1407 473 1629 524 invocare,
1661 471 1735 530 qui
1756 472 1981 530 pugnantis

210 555 259 598 in>
280 553 465 599 eundem
501 552 666 597 hostem
695 553 908 596 Romanos
944 549 1059 594 nulla
1095 563 1178 608 ope
1207 548 1396 594 iuvisset.
1445 548 1602 592 missus
1630 553 1772 592 tamen
1801 548 1979 601 Drusus,

209 637 255 675 ut
280 628 541 681 rettulimus,
571 627 667 686 paci
695 626 897 670 firmator.

318 704 400 762 (47)
429 697 593 748 Eo'dem
621 716 732 747 anno
762 700 992 746 duodecim
1015 699 1210 745 celebres
1230 699 1354 744 Asiae
1373 698 1505 744 urbes
1528 697 1756 757 conlapsae
1774 704 1981 743 nocturno
1995 711 2013 740 5

207 786 324 825 motu
360 786 521 832 terrae3
561 792 648 837 quo
686 777 942 836 inprovisior
979 776 1234 836 graviorque
1265 774 1398 834 pestis
1428 774 1514 818 fuit.
1564 788 1706 833 neque
1738 774 1910 819 solitum
1939 775 1983 817 in

206 855 277 900 tali
307 869 411 900 casu
446 854 650 913 effugium
687 852 985 904 subveniebat,
1029 852 1070 895 in
1107 857 1254 909 aperta
1290 849 1618 909 prorumpendi,
1659 850 1760 909 quia
1799 849 1984 894 diductis

207 931 332 975 terris
361 929 678 974 hauriebantur.
721 928 888 973 sedisse
918 928 1135 971 inmensos
1165 931 1350 978 montes,
1383 926 1475 970 visa
1505 926 1547 968 in
1570 925 1705 970 arduo
1726 940 1838 984 quae
1859 925 1986 984 plana

207 1005 376 1057 fuerint,
409 1004 621 1050 effulsisse
650 1004 760 1048 inter
789 1003 956 1047 ruinam
984 1002 1104 1060 ignes
1134 1007 1384 1046 memorant.
1434 1001 1671 1059 asperrima
1691 1000 1732 1044 in
1754 1001 1985 1045 Sardianos

206 1081 301 1126 lues
328 1081 558 1140 plurimum
594 1081 637 1123 in
666 1078 844 1124 eosdem
881 1077 1203 1123 misericordiae
1231 1077 1378 1122 traxit:
1423 1090 1523 1120 nam
1553 1076 1712 1121 centies
1743 1077 1986 1121 sestertium
1999 1093 2036 1123 ιο

208 1155 420 1215 pollicitus
441 1157 614 1205 Caesar.
646 1160 688 1200 et
710 1160 916 1214 quantum
944 1153 1111 1198 aerario
1141 1159 1215 1197 aut
1243 1152 1348 1197 fisco
1378 1152 1642 1210 pendebant,
1675 1153 1717 1196 in
1747 1153 1987 1212 quinquen-

209 1232 327 1276 nium
363 1232 539 1276 remisit.
597 1232 814 1288 Magnetes
850 1244 875 1275 a
914 1229 1063 1288 Sipylo
1105 1228 1287 1287 proximi
1324 1227 1479 1272 damno
1522 1242 1572 1272 ac
1612 1228 1804 1273 remedio
1841 1227 1986 1273 habiti.

211 1307 419 1360 Temnios,
454 1305 821 1365 Philadelphenos,
853 1307 1072 1364 Aegeatas‚
1103 1302 1492 1363 Apollonidienses,
1524 1303 1686 1362 quique
1713 1304 1890 1349 Mosteni
1917 1310 1989 1348 aut

275 1473 309 1506 2.
333 1472 478 1506 adverus
498 1472 533 1506 M
556 1488 593 1495 -
617 1469 650 1505 4.
671 1471 751 1512 paci
772 1470 824 1504 M:
856 1470 954 1511 pacis
973 1467 1090 1511 vulgo.
1117 1487 1154 1493 -
1179 1469 1211 1502 7.
1236 1468 1383 1511 effipiam
1404 1468 1439 1503 M
1463 1485 1499 1492 -
1525 1469 1668 1502 diductis
1690 1467 1903 1502 Beroaldus:
1930 1470 1990 1503 de-

210 1529 318 1562 ductis
338 1529 372 1563 M
396 1546 432 1552 -
463 1528 496 1561 8.
520 1528 614 1560 enisa
642 1528 679 1560 in
701 1527 847 1559 arduum
868 1526 1043 1559 Heinsius.
1071 1543 1107 1549 —
1141 1525 1194 1558 42.
1219 1525 1325 1566 sypilo
1347 1525 1381 1558 M
1406 1542 1442 1548 —
1466 1524 1558 1558 habit
1579 1524 1654 1566 (sic)
1677 1525 1711 1559 M
1741 1543 1777 1549 -
1812 1526 1865 1559 43.
1889 1526 1991 1567 Apol-

210 1586 404 1619 lonidienses
424 1583 587 1618 Orellius:
612 1583 848 1625 apollonienses
868 1583 919 1622 M;
942 1582 1207 1624 Apollonidenses
1224 1582 1416 1615 Ernestius.
1442 1581 1494 1615 Cf.
1520 1582 1593 1615 Cio.
1618 1591 1653 1624 p.
1671 1580 1794 1615 Flacco
1817 1583 1838 1624 g
1862 1583 1916 1615 74.
1934 1583 1988 1617 79.

211 1640 308 1675 Plinii
322 1642 363 1674 N.
381 1641 423 1674 Η.
439 1641 473 1681 5,
491 1640 511 1682 5
527 1640 603 1674 426.
619 1657 657 1664 -
683 1641 740 1682 qui
756 1648 851 1681 quem
865 1639 968 1672 osleni
982 1640 1016 1674 M
1029 1657 1066 1663 —
1092 1637 1145 1672 43.
1163 1641 1224 1671 aul
1238 1638 1290 1673 M:
1314 1638 1418 1679 etqui
1433 1638 1712 1678 Freinshemius;
1738 1647 1780 1672 ac
1794 1639 1987 1673 Ernestius.

213 1777 250 1812 44
258 1778 289 1811 9.
325 1776 501 1811 Roncall.:
540 1777 704 1811 Tredecim
731 1777 829 1811 urbes
851 1780 961 1810 terrae
988 1779 1080 1809 motu

216 1831 436 1869 corruerunt,
481 1828 648 1869 Ephesus,
694 1828 891 1870 Magnesia,
937 1827 1078 1867 Sardis,

215 1879 384 1918 Mostene,
422 1879 552 1920 Aeyae,
589 1878 872 1919 Hierocaesarea,
916 1877 1081 1910 Philadel-

213 1929 316 1970 phia,
358 1928 509 1968 Tmolus,
550 1928 706 1969 Temnus,
747 1928 891 1969 cymae,
929 1927 1079 1967 Myrina,

215 1978 448 2020 Apolloniden,
472 1978 656 2019 Hyrcania.
693 1977 854 2012 Refertur
867 1978 938 2010 huc
953 1977 1082 2010 Tiberii

217 2037 383 2062 nummus
423 2037 506 2062 cum
546 2029 773 2071 inscriptione
810 2028 1078 2062 CIVITATIBVS.

216 2079 352 2113 ASIAE'.
384 2079 627 2112 RESTITVTIS
656 2078 803 2121 (Eckhel
825 2079 867 2112 D.
892 2080 933 2111 N.
957 2079 1014 2111 VI.
1043 2088 1079 2121 p.

218 2129 291 2171 492)
323 2129 359 2162 et
380 2128 604 2172 praeclarum
632 2128 717 2163 illud
744 2137 902 2162 marmor
935 2137 965 2162 a.
997 2129 1082 2163 4693

218 2179 312 2222 apud
345 2178 509 2212 Puteolos
545 2179 732 2219 effossum,
768 2178 864 2221 quod
894 2188 926 2212 a.
958 2188 993 2212 u.
1018 2179 1082 2212 783

217 2228 357 2262 Tiberio
391 2228 546 2262 dicatum
579 2229 644 2271 (TI.
670 2228 858 2262 CAESARI.
886 2229 981 2262 DIVI
1008 2228 1084 2261 AV-

220 2279 354 2312 GVSTI.
371 2279 409 2312 F.
427 2278 521 2311 DIVI
531 2279 629 2311 IVLI.
646 2279 689 2312 N.
705 2278 898 2312 AVGVSTO
919 2279 1081 2312 PONTIF.

218 2328 402 2362 MAXIMO.
428 2328 517 2361 cos,
539 2322 614 2361 W
635 2329 721 2361 IMP.
761 2323 842 2362 Vffl.
877 2329 981 2362 Tam.
1013 2329 1084 2361 Po-

221 2378 387 2411 TESTAT.
423 2378 544 2410 XXXII
575 2378 851 2412 AVGVSTALES
885 2379 978 2412 RES.
1012 2379 1084 2412 PV-

219 2427 342 2461 BLICA
377 2427 605 2471 RESTITVIT)
639 2428 921 2470 quattuordecim
953 2428 1084 2471 figuras

220 2476 413 2511 muliebres
436 2476 580 2510 exhibet
603 2486 685 2511 cum
715 2477 899 2520 adscriptis
926 2478 962 2511 in
985 2479 1085 2520 quat-

221 2527 303 2559 tuor
324 2525 493 2560 lateribus
515 2526 658 2560 urbium
679 2527 910 2561 Asiaticorum
932 2529 1085 2561 nomini-

220 2576 308 2609 bus:
336 2577 366 2609 4.
394 2575 549 2608 ΤΗΕΝΙΔ
563 2576 690 2609 SArdes
710 2577 916 2610 aELORON.
950 2577 984 2610 2.
1008 2586 1085 2610 ma-

220 2625 352 2668 9nesIA.
399 2625 431 2659 3.
464 2625 796 2659 PHILADELPHEA.
842 2625 874 2660 4.
904 2627 1082 2661 TMOLUS.

221 2676 256 2709 5.
273 2675 403 2709 CYME.
439 2674 470 2708 6.
491 2674 674 2708 TEMNOS.
706 2675 738 2708 7.
756 2676 918 2709 CIBYRA.
951 2677 983 2710 8.
999 2677 1086 2710 MY-

222 2723 335 2758 RINA.
382 2724 414 2757 9.
444 2724 645 2757 EPHESOS.
693 2725 746 2757 40.
775 2726 1083 2760 APOLLONIDEA.

222 2776 276 2808 44.
301 2773 511 2807 HYRCAnia.
559 2775 612 2807 42.
635 2774 852 2808 MOSTENE.
899 2776 952 2809 43.
981 2777 1083 2819 aeyE.

222 2823 276 2857 44,
300 2822 622 2857 HierocAESAREA.
670 2824 758 2857 Vide
782 2826 910 2858 Inscrr.
936 2826 1023 2859 Latt.
1048 2835 1083 2859 n.

223 2873 286 2907 687
310 2874 346 2906 et
367 2874 511 2907 Henzen
532 2872 601 2906 vol.
627 2873 686 2906 111.
710 2882 746 2916 p.
772 2874 826 2908 66.
872 2875 922 2908 Ex
952 2876 1007 2908 his
1034 2876 1087 2909 ci-

222 2922 389 2957 vitatibus
413 2922 558 2964 Cibyran
589 2923 625 2956 et
650 2923 799 2964 Epheson
827 2933 897 2957 non
926 2933 1086 2959 comme-

223 2974 339 3005 morat
380 2973 531 3006 Tacitus.
578 2971 677 3005 lllam
714 2981 805 3006 anno
842 2973 988 3008 demum
1023 2975 1086 3008 776

224 3024 323 3055 motu
344 3022 461 3055 terrae
491 3021 737 3056 labefactatam
768 3031 847 3057 esse
875 3025 1022 3066 apparet
1045 3033 1088 3057 ex

224 3071 264 3113 4,
301 3071 355 3105 43.
400 3072 562 3115 Ephesos
599 3072 741 3114 quando
779 3074 969 3114 corruerit,
1015 3082 1086 3107 non

226 3122 374 3155 constat.
401 3138 437 3145 -
467 3122 720 3164 prorumpendi]
754 3123 829 3156 Hoc
861 3123 1084 3165 gerundium,

227 3172 293 3205 etsi
315 3172 420 3213 negat
440 3171 640 3211 Ernestius‚
671 3179 757 3205 sane
779 3173 911 3215 pendet
933 3181 953 3205 a
975 3172 1086 3206 verbo

226 3221 394 3263 effipiam.
442 3220 602 3253 «Solitum
624 3221 782 3263 effugium
810 3222 847 3255 in
868 3225 987 3263 aperta
1004 3231 1089 3264 pro-

226 3270 400 3311 rumpendi
422 3271 478 3303 est
499 3269 639 3304 solitum
662 3269 846 3312 effugium,
871 3271 966 3313 quod
989 3273 1025 3304 in
1044 3281 1087 3306 eo

230 3320 381 3362 positum
406 3321 499 3360 erat,
524 3320 564 3353 ut
585 3320 621 3353 in
643 3322 766 3362 aperta
780 3323 1087 3364 prorumperent.»

230 3369 374 3403 mnne.
395 3386 432 3393 -
449 3369 565 3404 sedisse
585 3370 748 3402 inmensos
768 3370 908 3413 montes]
932 3372 971 3404 In
986 3370 1089 3404 simili

1127 1776 1196 1809 inc.
1228 1785 1263 1818 p.
1288 1774 1352 1808 247
1382 1774 1491 1809 Gerl.:
1534 1777 1641 1809 Ventis
1670 1786 1732 1819 per
1764 1786 1851 1810 cava
1882 1780 1993 1811 terrae

1128 1826 1238 1858 citatis
1258 1825 1351 1866 rupti
1372 1827 1500 1867 aliquot
1519 1830 1644 1860 montes
1668 1827 1849 1869 tumulique
1868 1829 1990 1861 sedere.

1128 1877 1285 1909 Pertinet
1319 1877 1438 1909 autem
1472 1876 1518 1909 ad
1548 1876 1699 1910 verbum
1731 1878 1837 1911 sidere
1869 1878 1911 1920 (4,
1936 1878 1990 1911 70.

1131 1926 1236 1958 Corn.
1262 1927 1350 1968 Nep.
1376 1927 1429 1967 42,
1454 1924 1487 1967 4,
1512 1926 1550 1959 2:
1585 1928 1682 1959 navis
1701 1931 1810 1960 rostro
1836 1936 1994 1969 pereussa

1129 1976 1235 2017 coepit
1256 1976 1384 2018 sidere),
1414 1976 1458 2009 de
1483 1978 1582 2011 cuius
1604 1979 1793 2020 praeterito
1816 1979 1883 2012 sedi
1906 1987 1994 2012 con-

1130 2026 1205 2059 sule
1239 2027 1458 2060 priscianum
1489 2028 1541 2061 40.
1576 2037 1612 2071 p.
1636 2028 1700 2062 889
1734 2031 1770 2062 et
1796 2030 1859 2063 893
1889 2032 1927 2064 Ρ.
1955 2047 1992 2053 -

1131 2077 1330 2119 Sardianos]
1364 2077 1492 2110 Bianor
1524 2078 1561 2110 in
1589 2078 1727 2113 Anthol.
1751 2079 1858 2113 Palat.
1882 2081 1924 2113 11.
1956 2089 1992 2122 p.

1132 2128 1212 2161 45οε
1249 2125 1407 2174 Σάρδιες
1434 2128 1479 2160 αἱ
1505 2125 1551 2161 τὸ
1577 2125 1696 2162 πάλαι
1718 2127 1842 2175 Γύγου
1871 2127 1993 2172 πόλις,

1131 2176 1176 2210 αἶ’
1194 2178 1225 2210 τ’
1244 2172 1446 2211 Ἀλυάττου
1462 2176 1638 2225 Σάρδιες,
1663 2179 1707 2213 αἳ
1722 2179 1878 2220 βασιλεῖ
1896 2181 1996 2228 Περ-

1132 2227 1194 2268 σὶς
1230 2225 1271 2260 ἐν
1303 2224 1464 2269 Ἀσιάδι,
1503 2227 1552 2261 As
1587 2228 1718 2276 χρυσῷ
1751 2228 1797 2265 τὸ
1831 2229 1996 2265 παλαιὸν

1132 2275 1417 2311 &meduane
1438 2277 1652 2326 μέλαθρον,
1671 2275 1812 2321 Ὅλβον
1832 2281 1994 2315 Πακτω-

1132 2324 1200 2360 λοῦ
1223 2324 1384 2374 ῥεύματι
1405 2326 1628 2372 δεξάμεναι·
1652 2328 1734 2363 Νῦν
1756 2329 1797 2365 δὲ
1821 2326 1907 2366 ὅλαι
1929 2330 1996 2367 δύ-

1132 2387 1267 2421 στηνοι
1303 2378 1343 2420 ἐς
1380 2375 1421 2411 ἲν
1453 2377 1576 2413 κακὸν
1611 2376 1893 2427 ἁρπασθεῖσαι,
1934 2378 1997 2424 Ἐς

1131 2424 1257 2468 βυθὸν
1293 2425 1335 2470 ἐξ
1371 2425 1544 2471 ἀχανοῦς
1587 2427 1790 2474 χάσματος
1831 2428 1995 2480 ῆρίπετε.

1132 2475 1263 2525 Βοῦρα
1285 2475 1426 2522 κάθησ’
1447 2476 1576 2523 Ἑλίκη
1602 2490 1643 2514 τε
1664 2480 1920 2526 κεκλυσμένα·
1956 2482 2000 2515 αἱ

1132 2526 1163 2560 δ’
1194 2527 1250 2561 ἐνὶ
1283 2530 1410 2576 χέρσῳ
1443 2527 1603 2578 Σάρδιες
1635 2530 1840 2574 ἐμβυθίους
1873 2534 1926 2575 εἰς
1955 2530 1998 2566 ἓν

1131 2573 1282 2611 ἵκεισθε
1314 2578 1434 2621 τέλος.
1462 2597 1497 2604 —-
1524 2581 1610 2623 lues]
1643 2583 1771 2624 pestis,
1808 2584 1995 2626 pernicies,

1133 2637 1250 2671 neque
1274 2638 1364 2672 opus
1380 2631 1435 2663 est
1449 2631 1623 2664 coniicere
1646 2632 1744 2665 labes.
1770 2633 1856 2666 Hist.
1874 2634 1907 2675 2,
1933 2633 1995 2666 ⁴3:

1132 2678 1293 2711 immensa
1315 2679 1388 2712 belli
1410 2680 1487 2713 lues.
1515 2699 1552 2705 —
1583 2690 1607 2713 a
1628 2681 1759 2724 Sipylo]
1795 2682 1845 2716 Cf.
1872 2682 1996 2715 Strabo

1135 2727 1194 2767 43,
1218 2727 1256 2769 3,
1281 2729 1302 2761 ὅ
1331 2738 1366 2772 p.
1393 2729 1473 2763 62⁴:
1510 2726 1535 2774 ἡ
1559 2730 1762 2775 Μαγνησία
1784 2729 1809 2775 ἧ
1833 2729 1909 2765 ὕπὸ
1931 2732 1998 2766 Σι-

1135 2774 1259 2822 πύλῳ,
1305 2777 1487 2827 ἐλευθέρα
1531 2778 1642 2822 πόλις
1687 2778 1766 2815 ὑπὸ
1803 2778 1997 2826 Ῥωμαίων

1134 2828 1347 2875 κεκριμένη.
1405 2830 1472 2863 καὶ
1521 2828 1665 2874 ταύτην
1714 2829 1915 2866 ἐκάκωσαν
1959 2833 1999 2865 οἱ

1133 2878 1270 2910 νεωστὶ
1303 2876 1503 2922 γενόμενοι
1537 2881 1703 2924 σεισμοὶ.
1742 2881 1999 2915 ΜΑΓΝΗΤΕΣ

1134 2925 1233 2960 ΑΠΟ
1255 2927 1463 2962 ΣΙΠΤΛΟΤ
1489 2931 1525 2962 in
1556 2932 1727 2972 nummis,
1764 2941 1835 2974 quo
1865 2941 1999 2974 cogno-

1135 2976 1229 3009 mine
1245 2976 1467 3019 distinguitur
1480 2987 1500 3011 a
1515 2979 1693 3021 Magnesia
1708 2980 1754 3013 ad
1769 2982 1999 3016 Maeandrum

1136 3025 1346 3068 duabusque
1377 3026 1450 3062 eliis
1481 3030 1678 3071 Magnesiis.
1726 3031 1836 3064 Etiam
1859 3039 1880 3063 a
1902 3032 1997 3065 Livio

1134 3075 1203 3116 (37,
1227 3074 1280 3117 44)
1315 3076 1511 3119 appellatur
1538 3080 1712 3122 Maqnesia
1741 3080 1783 3112 ab
1805 3080 1930 3121 Sipylo.
1958 3099 1994 3105 -

1136 3124 1209 3167 aut]
1245 3125 1441 3169 copulative
1464 3131 1674 3171 usurpatum
1697 3131 1811 3171 aiunt,
1847 3132 1886 3163 ut
1907 3131 1995 3165 Hist.

1136 3173 1176 3215 4,
1207 3175 1268 3208 7⁴:
1307 3176 1414 3210 locam
1445 3179 1608 3212 montibus
1640 3182 1700 3212 aut
1731 3179 1866 3212 Mosella
1900 3189 1998 3215 amne

1134 3227 1301 3266 saeptam,
1333 3227 1392 3268 qui
1415 3226 1514 3261 locus
1537 3229 1656 3261 tamen
1679 3227 1810 3269 differt,
1847 3237 1929 3263 cum
1952 3230 1997 3263 sit

1131 3273 1261 3314 partim
1281 3276 1456 3317 montibus,
1475 3278 1605 3318 partim
1620 3277 1700 3309 alibi
1720 3286 1818 3311 amne
1837 3287 1863 3311 s.
1890 3281 1996 3314 «Pro-

1136 3323 1212 3365 prio
1250 3325 1405 3367 quodam
1441 3335 1507 3360 usu
1541 3327 1677 3359 Tacitus
1714 3327 1765 3360 sic
1799 3328 1904 3363 etiam
1937 3333 1998 3363 aut

1137 3375 1303 3416 usurpat,
1339 3376 1378 3408 ut
1400 3375 1473 3409 fere
1503 3375 1598 3408 idem
1621 3376 1665 3408 sit
1687 3375 1782 3418 quod
1813 3379 1869 3411 net
1889 3379 1996 3412 vicis-

231 3417 347 3452 terrae
369 3419 486 3453 motus
502 3418 737 3463 descriptione
753 3418 934 3455 Sallustius
949 3421 1085 3464 Fragm.
1137 3421 1237 3456 sim.-
1285 3423 1336 3459 Cf.
1363 3425 1423 3467 45,
1447 3424 1508 3459 47:
1540 3424 1621 3466 quia
1640 3424 1677 3459 ln
1697 3428 1791 3461 utero
1811 3435 1996 3470 repressum
