2254 3770
765 311 810 354 Ρ.
842 310 1093 355 coRNsLn
1121 311 1291 356 TACITI
1319 282 1588 358 ANNALIUM

390 415 472 473 (34)
512 417 681 462 Nerone
711 418 747 460 II
786 419 833 462 L.
862 418 1016 462 Pisone
1054 420 1140 463 co's.
1171 432 1310 477 pauca
1338 420 1547 464 memoria
1577 419 1704 478 digna
1735 435 1941 472 evenere,
1983 422 2062 466 nisi

275 491 345 534 cui
381 491 511 536 libeat
546 492 773 537 laudandis
813 493 1097 538 fundamentis
1127 501 1170 538 et
1203 494 1414 546 trabibus,
1456 496 1554 553 quis
1583 495 1741 539 molem
1770 497 2063 555 amphitheatri

275 567 391 624 apud
435 581 633 626 campum
679 569 821 612 Martis
868 569 1027 613 Caesar
1070 576 1330 622 extruxerat,
1377 569 1592 614 volumina
1630 571 1829 629 implere,
1876 586 1972 616 cum
2012 586 2067 616 ex

274 642 476 700 dignitate
508 643 653 701 populi
685 645 730 688 R.
753 650 971 701 repertum
999 645 1054 688 sit
1073 659 1143 688 res
1164 644 1350 688 illustres
1371 645 1614 698 annalibus,
1645 645 1744 690 talia
1764 647 1928 690 diurnis
1947 647 2066 691 urbis

241 718 379 762 sactis
410 720 625 763 mandare.
672 725 863 763 ceterum
894 718 1087 764 coloniae
1120 720 1267 778 Capua
1297 726 1426 778 atque
1456 721 1638 764 Nuceria
1668 721 1823 766 additis
1853 723 2066 767 veteranis

272 793 464 838 firmatae
496 801 617 846 sunt3
649 795 882 853 plebeique
912 795 1176 852 congiarium
1206 795 1489 853 quadringeni
1520 796 1679 840 nummi
1709 797 1863 842 viritim
1895 798 1993 850 dati,
2024 807 2067 842 et

273 870 518 914 sestertium
546 870 897 929 quadringenties
923 871 1091 914 aerario
1112 870 1288 914 inlatum
1308 876 1374 915 est
1395 870 1449 914 ad
1470 872 1732 916 retinendam
1754 872 1901 931 populi
1921 873 2064 917 fidem.

272 946 450 1003 vectigal
491 960 666 1004 quoque
703 946 877 1004 quintae
909 953 952 990 et
978 946 1211 991 vicesimae
1239 945 1454 990 venalium
1483 947 1794 1005 mancipiorum
1823 949 2063 1001 remissum,

272 1021 419 1078 specie
449 1021 583 1079 magis
613 1035 745 1080 quam
774 1023 834 1073 vi,
865 1022 968 1079 quia
999 1036 1096 1066 cum
1128 1022 1325 1065 venditor
1354 1022 1545 1079 pendere
1566 1022 1803 1074 iuberetur,
1838 1024 1879 1066 in
1899 1031 2065 1082 partem

221 1106 258 1135 ⁴0
271 1098 397 1154 pretii
438 1097 703 1155 emptoribus
745 1098 1034 1141 accrescebat.
1093 1097 1226 1141 edixit
1264 1098 1422 1141 Caesar
1460 1111 1514 1141 ne
1549 1098 1647 1156 quis
1685 1099 1956 1155 magistratus
1978 1107 2066 1143 ¹aut:

270 1180 542 1231 procurator,
575 1173 648 1231 qui
678 1173 944 1230 provinciam
966 1173 1197 1231 optineret,
1230 1172 1522 1230 spectaculum
1552 1173 1831 1230 gladiatorum
1854 1181 1928 1218 aut
1955 1174 2066 1219 sera-

271 1263 367 1291 rum
396 1255 469 1292 aut
498 1249 614 1307 quod
646 1248 759 1292 aliud
790 1248 1002 1295 ludicrum
1034 1247 1195 1292 ederet.
1225 1262 1325 1291 nam
1354 1255 1451 1292 ante
1482 1262 1566 1292 non
1593 1249 1733 1292 minus
1753 1249 1823 1293 tali
1843 1249 2065 1308 largitione

270 1338 400 1382 quam
431 1324 715 1382 corripiendis
746 1324 941 1382 pecuniis
972 1323 1190 1368 subiectos
1220 1323 1480 1381 affligebant,
1513 1325 1615 1367 dum
1646 1338 1758 1382 quae
1788 1324 1965 1369 libidine
1988 1325 2066 1370 de-

269 1399 500 1458 liquerant,
540 1399 699 1443 ambitu
744 1406 1027 1458 propugnant.
1075 1400 1157 1456 (32)
1188 1399 1344 1443 factum
1373 1406 1416 1444 et
1445 1406 1619 1443 senatus
1648 1399 1886 1444 consultum
1916 1399 2064 1444 ultioni

221 1483 257 1513 ⁴⁵
270 1476 385 1519 iuxta
415 1482 457 1519 et
487 1475 723 1527 securitati,
756 1481 803 1518 ut
832 1475 868 1518 si
898 1475 996 1533 quis
1027 1489 1051 1518 a
1082 1475 1172 1519 suis
1204 1477 1341 1518 servis
1370 1475 1616 1519 interfectus
1647 1482 1782 1527 esset,
1815 1475 1843 1518 ii
1873 1489 2062 1535 quoque,

270 1551 343 1610 qui
374 1557 628 1595 testamento
658 1545 907 1594 manumissi
938 1549 1019 1593 sub
1041 1549 1196 1594 eodem
1222 1557 1334 1594 tecto
1354 1550 1630 1601 mansissent,
1664 1550 1773 1594 inter
1792 1564 1942 1595 servos
1961 1565 2063 1609 sup-

268 1626 396 1685 plicia
425 1626 675 1685 penderent.
720 1625 914 1669 redditur
942 1625 1081 1669 ordini
1112 1625 1266 1669 Lurius
1295 1627 1430 1669 Varus
1461 1624 1717 1677 consularis,
1750 1626 1952 1670 avaritiae
1980 1626 2064 1671 cri-

276 307 359 351 4⁴4

335 1736 367 1768 4.
391 1736 422 1768 Il
445 1736 479 1777 (i.
507 1744 538 1768 e.
563 1735 704 1773 iterumn
737 1734 781 1767 cf.
807 1734 840 1774 2,
866 1733 919 1767 53.
953 1733 1040 1767 Hist.
1067 1734 1097 1775 4,
1123 1735 1156 1767 4.
1182 1733 1220 1775 4,
1241 1733 1293 1775 38)
1318 1735 1368 1767 M:
1401 1734 1581 1766 secundum
1602 1732 1719 1776 vulgo.
1757 1751 1793 1757 —
1825 1732 1858 1766 4.
1883 1720 1946 1771 ᾗ.
1971 1735 2004 1768 M
2021 1751 2058 1759 —

268 1792 301 1826 5.
326 1788 497 1824 actis-sima
528 1792 611 1825 dare
640 1795 744 1837 cetere
766 1792 799 1824 M
826 1809 861 1815 —
897 1791 929 1824 6.
955 1791 1179 1833 quadrinyeni
1204 1791 1359 1834 Lipsius:
1395 1792 1594 1833 quadrigam·
1617 1792 1670 1829 M;
1696 1791 1905 1833 quadrageno·
1928 1791 1996 1825 alii.
2021 1809 2058 1815 —

268 1849 300 1881 8.
325 1849 478 1882 uicesime
501 1849 534 1882 M
558 1866 593 1872 -—
622 1849 675 1881 40.
698 1845 762 1890 filii
785 1848 819 1882 M
841 1865 885 1871 -
909 1848 962 1880 44.
987 1849 1045 1889 qui
1064 1848 1277 1889 provinciam
1299 1847 1456 1881 obtineret
1479 1847 1685 1880 Rhenanus:
1719 1847 1755 1879 in
1773 1849 1954 1889 prouincia
1975 1848 2063 1889 opti-

266 1910 360 1939 neret
380 1908 433 1944 M;
457 1908 494 1939 in
512 1906 700 1948 provincia,
726 1904 843 1938 deleto
859 1905 971 1938 verbo
987 1906 1163 1946 optineret,
1190 1904 1358 1938 Halmius.
1378 1922 1414 1928 -—
1434 1905 1487 1937 43.
1506 1905 1648 1946 dumque
1669 1904 1804 1937 libidine
1826 1905 1859 1938 M
1881 1923 1916 1928 —
1941 1903 1994 1938 ⁴4.
2012 1895 2066 1938 ἕῧ

267 1965 301 1999 M
326 1982 363 1988 -
390 1965 444 1997 46.
468 1964 658 1998 securitatis
679 1964 712 1998 M
739 1981 775 1987 —
799 1963 846 1996 hii
868 1972 921 2005 pr.
939 1963 974 1997 M
998 1980 1035 1987 —
1061 1963 1115 1996 47.
1141 1963 1262 1995 Lurius
1286 1963 1394 1996 Varus
1414 1959 1637 2005 Nipperdey:
1663 1962 1771 1994 lurius
1784 1961 1903 1994 uarius
1917 1961 1968 2001 M;
1993 1960 2063 1994 Lu-

266 2021 337 2054 cius
363 2020 483 2055 Varius
505 2019 573 2054 alii.

1189 2101 1279 2135 haec
1314 2102 1385 2134 iam
1422 2101 1587 2143 imposita
1623 2101 1721 2141 erat,
1760 2100 1812 2132 uti
1845 2100 1984 2133 constat
2016 2107 2061 2132 ex

1188 2153 1317 2185 Inscrr.
1344 2153 1432 2184 Latt.
1458 2161 1492 2184 n.
1518 2151 1615 2185 3336.
1646 2170 1679 2175 —
1703 2152 1809 2192 specie
1829 2151 1938 2192 maai-i
1959 2158 2061 2191 quam

1187 2201 1240 2243 vi]
1275 2202 1475 2235 Remissum
1506 2202 1561 2234 est
1590 2202 1660 2234 hoc
1681 2199 1831 2242 vectigal
1853 2201 1888 2233 in
1912 2201 2059 2242 gratiam

265 2103 350 2137 litia.
386 2102 439 2136 Cf.
472 2102 560 2136 Hist.
594 2102 626 2142 4,
651 2101 712 2135 48:
747 2110 849 2134 cursu
880 2102 1042 2134 honorum
1070 2110 1138 2134 non

265 2157 406 2198 offenso,
441 2155 478 2187 h.
504 2163 535 2186 e.
561 2153 607 2186 ita
640 2154 679 2185 ut
707 2152 884 2185 honorum
915 2161 1041 2186 cursus
1064 2160 1137 2185 non

263 2204 478 2239 laederetur.

309 2258 362 2291 34.
387 2257 425 2289 L.
450 2253 581 2295 Pisone]
617 2252 704 2286 Vide
739 2253 785 2285 ad
809 2261 839 2285 c.
865 2252 919 2285 28.
949 2270 984 2277 —
1020 2253 1138 2285 molem

264 2306 498 2349 amphitheatri
521 2304 605 2346 cet]
628 2304 913 2345 Amphitheatrwm
933 2304 1079 2345 liqneum
1101 2305 1137 2336 in

263 2359 398 2401 regione
418 2357 540 2390 Martii
561 2350 672 2395 campi
695 2354 788 2387 intra
810 2354 892 2386 anni
913 2354 1059 2395 spatium
1079 2355 1138 2396 fa-

264 2409 428 2442 bricatum
450 2406 554 2438 vocat
576 2404 763 2437 Suetonius
786 2405 867 2437 Ner.
895 2412 925 2436 c.
945 2404 999 2436 42.
1021 2421 1057 2427 -
1083 2404 1137 2448 fii—

264 2461 361 2493 urnis
382 2458 475 2491 urbis
497 2455 592 2498 actis]
616 2454 704 2488 Vide
728 2454 774 2487 ad
796 2454 829 2495 3,
854 2455 885 2487 3.
915 2472 951 2477 -
976 2453 1134 2496 Nuceria]

264 2509 370 2543 hodie
394 2509 536 2541 Nocera.
557 2524 593 2531 -—
620 2504 842 2547 congiarium]
868 2504 1135 2546 Congiariorum

263 2559 413 2593 Neronis
447 2558 561 2590 exstat
594 2556 766 2589 memoria
801 2556 837 2587 in
871 2554 947 2587 eius
980 2554 1134 2587 nummis

264 2618 347 2643 eum
376 2607 604 2650 inscriptione
634 2605 760 2639 CONG.
787 2605 813 2637 I.
839 2603 895 2637 vel
923 2604 966 2636 II.
991 2603 1047 2636 vel
1074 2604 1131 2637 III.

264 2659 360 2693 DAT.
395 2658 483 2691 POP.
518 2656 554 2689 S.
592 2655 627 2689 C.
658 2655 833 2688 Akerman
861 2655 893 2694 1,
929 2662 963 2696 p.
991 2653 1066 2687 ⁴64.
1094 2671 1129 2676 —

264 2707 484 2751 quadrinqeni
498 2704 636 2747 nummi]
654 2704 840 2737 Suetonius
856 2705 937 2736 Ner.
953 2703 1013 2736 40:
1036 2704 1136 2736 Prae—

261 2760 333 2793 mia
344 2758 531 2791 delatorum
545 2755 669 2796 Papiae
682 2754 764 2796 leyis
778 2754 823 2786 ad
837 2756 980 2794 quartas
993 2754 1132 2795 redegit,

263 2809 378 2843 divisis
404 2806 527 2848 populo
555 2805 682 2837 viritim
713 2804 952 2846 quadringenis
976 2804 1131 2836 nummis.

264 2877 300 2884 -
325 2859 441 2901 populi
461 2856 576 2900 Ῐῐάοηι]
608 2855 703 2898 quod
735 2863 800 2888 nos
825 2854 974 2887 dicimus
998 2854 1134 2886 Staats-

262 2910 376 2944 credit.
401 2909 510 2942 Dosn.
535 2923 571 2929 -
598 2906 736 2947 quintae
757 2908 789 2938 et
809 2903 994 2946 vicesimae]
1018 2905 1133 2946 Augu-

262 2961 356 3001 stus,
381 2966 463 2992 cum
487 2956 636 2999 pecunia
660 2954 705 2987 ad
726 2954 859 2987 bellum
883 2955 919 2987 et
941 2955 1132 2988 nocturnos

261 3008 384 3052 vigiles
407 3008 440 3041 ei
463 3014 553 3049 opus
576 3006 689 3043 esset,
722 3005 870 3037 instituit
893 3004 1132 3046 quinquagesi-

260 3068 352 3092 mam
374 3055 551 3091 venalium
572 3054 843 3096 mancipiorum.
870 3054 933 3086 Dio
954 3054 1009 3093 55,
1027 3053 1064 3086 34
1085 3054 1131 3087 ad

262 3118 293 3141 a.
311 3108 394 3142 750:
421 3103 475 3140 Τὸ
496 3103 605 3146 τέλος
626 3100 671 3137 τὸ
694 3101 763 3145 τῆς
783 3100 1045 3145 πεντηκοστῆς
1067 3102 1128 3136 ἐπὶ

261 3156 307 3205 τῇ
331 3155 407 3190 τῶν
426 3151 676 3203 ἀνδραπόδων
691 3150 830 3200 πράσει
844 3150 1020 3196 ἐσήγαγε.
1046 3153 1131 3185 Bur·

261 3216 414 3241 mannus
445 3206 490 3239 de
514 3205 647 3246 Vectig.
673 3205 710 3237 P.
736 3203 773 3235 R.
801 3210 833 3234 e.
859 3202 878 3233 ὅ
905 3210 940 3243 p.
966 3203 1008 3235 69
1030 3203 1130 3244 putat

261 3258 312 3291 sic
345 3257 495 3290 Dionem
529 3263 611 3287 cum
640 3252 758 3286 Tacito
792 3250 969 3284 conciliari
1000 3260 1127 3293 posse,

261 3309 300 3340 ut
323 3307 484 3340 dicamus
515 3306 631 3348 primo
654 3302 984 3346 quinquagesimam
1008 3301 1127 3341 fuisse,

261 3356 479 3399 procedente
502 3357 666 3397 tempore
684 3351 901 3395 duplicatum
923 3350 958 3382 id
980 3350 1129 3392 vectigal

262 3408 368 3448 atque
385 3406 543 3447 quintam
561 3406 597 3437 et
612 3403 819 3448 vicesimam
834 3401 963 3434 factam
980 3400 1128 3433 fortasse

262 3465 307 3491 ex
339 3456 496 3490 instituto
527 3453 716 3497 Caligulae.
752 3452 857 3487 Certe
888 3449 957 3484 sub
984 3448 1129 3483 Claudio

1189 2253 1318 2285 civium
1335 2253 1585 2290 Romanorum,
1612 2252 1671 2293 qui
1686 2251 1760 2284 fere
1777 2252 1970 2293 emptores,
1995 2251 2059 2283 im-

1187 2303 1342 2345 positum
1359 2303 1481 2335 contra
1498 2301 1750 2343 mangonibus,
1770 2301 1829 2343 qui
1846 2299 2057 2342 plerumque

1188 2354 1291 2385 erant
1313 2353 1443 2390 exteri;
1480 2352 1515 2383 hi
1546 2353 1686 2391 autem,
1717 2352 1756 2383 ut
1777 2351 2057 2383 consentaneum

1188 2405 1275 2443 erat,
1293 2401 1443 2444 vectigal
1459 2402 1641 2435 addebant
1655 2401 1913 2443 mancipiorum
1928 2400 2055 2442 pretio,

1186 2454 1233 2486 ita
1256 2454 1295 2486 ut
1316 2452 1363 2485 ad
1385 2453 1483 2494 ipsos
1507 2453 1603 2485 cives
1626 2451 1760 2485 nullum
1784 2459 1827 2483 ex
1845 2451 2056 2484 remissione

1185 2502 1242 2536 illa
1277 2502 1414 2536 lucrum
1440 2502 1670 2535 redundaret.
1699 2519 1734 2525 —
1772 2501 1834 2534 tals·
1865 2499 2055 2543 laryitione]

1186 2553 1277 2587 ludis
1300 2553 1465 2592 edendis,
1494 2553 1529 2585 in
1552 2551 1682 2594 quibus
1705 2551 1876 2594 pecuniae
1900 2551 2057 2593 profusio

1186 2606 1223 2637 et
1243 2603 1398 2645 largitio,
1424 2603 1505 2644 quia
1528 2603 1691 2644 sumptus
1707 2602 1747 2634 fit
1761 2601 1806 2634 ad
1821 2602 1969 2644 gratiam
1991 2609 2056 2644 po-

1185 2653 1256 2696 puli
1281 2652 1549 2686 conciliandam.
1587 2653 1686 2685 Hanc
1709 2652 1823 2694 ipsam
1845 2652 2058 2694 larqitionem

1186 2706 1288 2736 vocat
1309 2711 1391 2736 mox
1414 2702 1595 2743 ambitum,
1620 2702 1655 2735 h.
1679 2711 1711 2735 e.
1736 2700 2005 2734 benevolentiae
2020 2702 2058 2734 et

1185 2754 1316 2795 gratiae
1341 2752 1593 2795 captationem,
1631 2760 1697 2794 per
1718 2759 1827 2793 quam
1850 2759 2056 2793 propugna-

1185 2803 1271 2836 bant
1293 2801 1420 2835 delicta
1444 2810 1508 2834 sua
1530 2802 1566 2834 in
1581 2802 1760 2834 sociorum
1776 2801 1935 2843 pecuniis
1950 2799 2055 2833 undi-

1185 2862 1255 2896 que
1278 2851 1528 2895 corripiendis,
1563 2852 1599 2884 id
1623 2853 1695 2891 est,
1728 2850 2052 2893 consequebantur,

1183 2904 1223 2935 ut
1245 2902 1291 2935 ab
1315 2902 1542 2935 accusatione
1566 2902 1714 2934 tutiores
1730 2902 1861 2934 essent.
1890 2902 1957 2933 Per
1977 2899 2055 2933 libi-

1184 2952 1292 2985 dinem
1321 2951 1473 2993 intellige
1500 2959 1571 2984 non
1594 2950 1701 2983 modo
1725 2958 1896 2983 venerem
1918 2950 2054 2992 impro-

1183 3001 1285 3041 bam,
1333 3000 1398 3034 sed
1435 3000 1542 3033 etiam
1580 3001 1802 3040 iniustitiam,
1849 2999 2050 3038 saevitiam,

1183 3051 1335 3084 maxime
1359 3051 1553 3083 avaritiam.
1585 3051 1665 3083 Em«.

1226 3102 1279 3134 32.
1297 3102 1423 3143 factum
1438 3104 1469 3133 et
1482 3103 1615 3133 senatus
1629 3099 1825 3142 consultum]
1841 3098 1938 3141 quod
1952 3099 2051 3132 Glau—

1181 3151 1322 3184 dianum
1345 3159 1373 3183 s.
1393 3151 1622 3183 Neronianum
1645 3151 1682 3182 et
1703 3149 1748 3182 ab
1771 3149 1882 3182 altero
1905 3147 2050 3182 consule

1182 3201 1290 3233 etiam
1311 3201 1525 3233 Pisonianam
1546 3201 1706 3232 vocatur.
1737 3197 1864 3233 Paulus
1891 3199 2047 3231 sentent.

1182 3251 1214 3290 3,
1239 3252 1272 3291 ὅ,
1291 3250 1328 3283 6:
1355 3250 1548 3282 Neroniano
1570 3253 1707 3282 senatus
1727 3248 1876 3282 connato
1896 3251 2047 3288 cavom,

1181 3303 1219 3332 ut
1241 3299 1350 3332 occisa
1371 3307 1480 3331 umore
1499 3299 1604 3339 ‚etiam
1618 3299 1657 3331 de
1672 3297 1806 3340 familia
1818 3297 1888 3330 viri
1902 3297 2050 3338 quaestio

1180 3349 1354 3389 habeatur,
1386 3350 1539 3390 idemque
1559 3351 1598 3381 ut
1618 3349 1722 3381 tumea
1742 3347 1863 3380 aevom
1882 3346 2050 3388 familiam

1181 3400 1384 3439 observetur,
1409 3400 1438 3432 si
1458 3400 1514 3432 vir
1535 3399 1669 3432 dicatur
1690 3398 1829 3431 accim.
1854 3397 1967 3437 Servi,
1992 3397 2051 3438 qui

1180 3449 1239 3483 sub
1260 3450 1372 3484 oedem
1393 3451 1476 3483 acto
1496 3448 1641 3491 moriat,
1666 3446 2051 3488 absumunt-hibe·
