2254 3770
239 267 322 313 444

716 271 762 315 Ρ.
794 270 1044 315 CORNELII
1074 272 1244 317 TACITI
1273 272 1542 320 ANNALIUM

236 382 407 436 partum
427 376 561 423 decus
580 377 767 422 militiae.
817 392 916 422 nam
939 386 1038 437 post
1057 379 1175 423 illum
1195 380 1530 438 reciperatorem
1548 380 1667 426 urbis
1686 376 1909 440 filiumque
1929 381 2024 427 eius

239 453 462 499 Camillum
490 467 626 512 penes
656 453 761 498 alias
790 454 968 498 familias
997 455 1273 514 imperatoria
1310 454 1404 499 laus
1432 456 1587 509 fuerat,
1629 463 1759 516 atque
1795 457 1864 502 hic
1894 471 2025 516 quem

235 544 526 575 memoramus
556 529 767 574 bellorum
796 543 951 588 expers
981 529 1231 575 habebatur.
1282 544 1335 575 eo
1365 532 1542 589 pronior
1563 532 1757 577 Tiberius
1787 547 1859 578 res
1880 539 2025 591 gestas

237 612 341 664 aput
367 612 563 651 senatum
592 605 842 659 celebravit;
873 612 916 650 et
945 606 1179 651 decrevere
1209 613 1353 664 patres
1382 607 1654 666 triumphalia
1673 608 1876 667 insignia,
1909 606 2028 667 quod

205 681 416 726 tsCamillo
446 681 502 726 ob
532 681 787 725 modestiam
816 681 927 726 vitae
957 682 1132 739 impune
1162 681 1250 725 fuit.

351 757 433 815 (53)
465 758 663 816 Sequens
693 770 829 801 annus
858 757 1075 801 Tiberium
1104 758 1248 809 tertio,
1294 757 1595 803 Germanicum
1634 759 1787 804 iterum
1828 759 2028 805 consules

236 832 397 878 habuit.
446 832 525 877 sed
558 847 659 877 eum
687 832 896 877 honorem
926 832 1205 877 Germanicus
1245 833 1336 876 iniit
1373 840 1476 892 aput
1510 833 1662 879 urbem
1691 835 1876 880 Achaiae
1903 836 2030 881 Nico-

236 908 389 967 polim,
431 922 518 967 quo
550 914 726 953 venerat
753 922 833 967 per
861 907 1076 967 Illyricam
1105 922 1245 960 oram,
1285 908 1379 952 viso
1414 909 1541 954 fratre
1571 911 1712 955 Druso
1749 911 1792 954 in
1822 911 2031 956 Delmatia

236 990 406 1043 agente,
437 983 669 1029 Hadriatici
699 998 750 1029 ac
779 998 879 1028 mox
906 984 1013 1028 Ionii
1042 984 1173 1027 maris
1193 983 1422 1028 adversam
1441 985 1755 1043 navigationem
1778 1001 2028 1045 perpessus.

186 1060 364 1120 anigitur
392 1073 556 1118 paucos
586 1059 680 1105 dies
711 1060 938 1118 insumpsit
962 1059 1221 1104 reficiendae
1241 1059 1388 1114 classi;
1418 1060 1543 1104 simul
1564 1061 1683 1106 sinus
1703 1062 1873 1108 Actiaca
1893 1063 2029 1108 victo-

235 1137 298 1180 ria
328 1135 511 1182 inclutos
541 1142 584 1180 et
613 1142 802 1180 sacratas
833 1135 887 1179 ab
919 1136 1109 1192 Augusto
1139 1135 1365 1180 manubias
1395 1143 1624 1196 castraque
1643 1138 1811 1182 Antonii
1841 1152 1941 1183 cum
1959 1152 2030 1184 re-

236 1212 486 1257 cordatione
515 1212 726 1256 maiorum
756 1224 933 1255 suorum
962 1211 1077 1255 adiit.
1127 1225 1314 1270 namque
1341 1212 1399 1264 ei,
1431 1219 1478 1256 ut
1505 1213 1759 1265 memoravi,
1791 1213 2029 1259 avunculus

234 1289 468 1347 Augustus,
501 1301 608 1332 avus
627 1287 835 1332 Antonius
861 1293 997 1339 erant,
1030 1300 1272 1345 magnaque
1301 1286 1388 1332 illic
1417 1288 1558 1346 imago
1587 1288 1769 1332 tristium
1798 1288 2030 1334 laetorum-

234 1377 335 1422 que.
383 1363 482 1408 hinc
510 1370 684 1408 ventum
714 1362 916 1414 Athenas,
958 1361 1214 1420 foederique
1253 1362 1398 1407 sociae
1432 1370 1474 1407 et
1502 1370 1697 1409 vetustae
1733 1363 1854 1409 urbis
1883 1364 2030 1410 datum

185 1449 222 1483 45
233 1446 281 1485 ut
308 1454 394 1485 uno
416 1438 566 1485 lictore
585 1445 790 1484 uteretur.
840 1451 1054 1496 excepere
1076 1437 1229 1483 Graeci
1250 1438 1578 1496 quaesitissimis
1597 1438 1852 1494 honoribus,
1882 1448 2031 1486 vetera

298 1574 331 1609 4.
354 1574 489 1618 insigna
509 1575 545 1609 M
574 1592 611 1598 -
641 1574 674 1607 5.
703 1573 839 1607 camilla
860 1573 895 1608 M
919 1590 955 1596 —
980 1572 1138 1614 impunae
1159 1572 1195 1607 M
1218 1588 1254 1595 —
1281 1572 1314 1605 6.
1339 1572 1474 1606 tertium
1496 1572 1719 1616 Nipperdey3
1748 1573 1814 1608 sed
1836 1573 1881 1608 cs.
1904 1573 2028 1610 Vellei.

231 1632 368 1665 Paterc.
392 1631 426 1672 2,
451 1630 506 1672 40,
530 1631 563 1664 5.
588 1629 675 1664 Plin.
700 1631 829 1672 Paneg.
854 1630 908 1662 60.
933 1629 985 1662 Ex
1007 1627 1115 1662 Gellio
1140 1628 1191 1670 (N.
1209 1628 1249 1661 A.
1267 1628 1322 1669 40,
1349 1629 1380 1669 4,
1406 1628 1458 1672 7.)
1480 1631 1627 1672 apparet
1649 1631 1720 1663 iam
1744 1631 1925 1664 Ciceronis
1939 1632 2031 1665 tem·-

231 1696 319 1731 pore
343 1687 543 1730 quaesitum
567 1695 667 1729 esse,
692 1688 813 1720 utrum
835 1686 949 1719 consul
970 1686 1066 1719 tertio
1089 1684 1323 1719 scribendum
1345 1687 1440 1720 esset
1462 1695 1508 1719 an
1530 1686 1675 1720 tertium.
1696 1705 1732 1711 —
1749 1687 1783 1721 7.
1800 1687 2031 1729 nicopolemM

233 1761 272 1769 —
299 1744 353 1778 44.
377 1736 532 1778 sacratos
553 1744 589 1779 M
611 1761 648 1767 —
676 1744 729 1777 45.
756 1743 908 1785 excipere
930 1743 976 1777 M.
1001 1741 1089 1776 Vide
1113 1741 1159 1775 ad
1183 1750 1214 1776 c.
1232 1742 1265 1775 2.

230 1866 324 1905 rent,
350 1864 380 1898 si
401 1863 575 1897 maiorem
599 1863 799 1897 exercitum
824 1862 1104 1905 conspexissent.

231 1913 391 1948 Verbum
414 1915 545 1948 eludere
566 1915 716 1957 petitum
734 1915 788 1947 est
803 1923 823 1946 a
839 1912 1104 1955 gladiatoribus,

232 1965 293 2007 qui
316 1965 478 2008 corporis
508 1963 742 1998 declinatione
772 1964 859 1997 scite
883 1964 1107 1997 adversario-

230 2023 313 2049 rum
334 2015 427 2049 ictus
450 2015 593 2048 evitant.
642 2015 693 2048 Cf.
719 2015 792 2047 Liv.
817 2015 857 2056 2,
889 2013 949 2048 48;
988 2014 1107 2047 bellum

232 2066 355 2108 quiete,
381 2066 524 2107 quietem
538 2065 619 2099 bello
634 2065 776 2099 eludere.
794 2083 830 2089 —
847 2065 1106 2107 reciperatorem

230 2115 340 2158 urbis]
364 2117 411 2151 M.
428 2116 572 2149 Furium
587 2116 625 2148 L.
644 2115 668 2149 f.
687 2117 746 2158 Sp.
764 2125 800 2148 n.
820 2114 1019 2158 Camillum,
1044 2116 1105 2157 qui

232 2167 360 2208 quater
388 2166 620 2208 triumphavit
647 2174 679 2198 a.
705 2165 782 2199 358.
814 2164 890 2198 364.
923 2165 999 2198 365.
1027 2165 1103 2198 387.

233 2232 271 2239 —
293 2215 484 2259 filiumque]
518 2217 557 2248 L.
583 2216 726 2248 Furium
756 2216 802 2250 M.
834 2215 858 2248 f.
895 2217 934 2248 L.
964 2225 1001 2249 n.
1036 2216 1105 2248 Ca-

231 2265 369 2300 millum
391 2266 474 2299 dict.
495 2265 560 2299 404
585 2267 620 2298 et
641 2265 718 2299 409.
744 2274 843 2299 cons.
861 2265 936 2299 405.
962 2267 1105 2300 Poterat

232 2316 367 2350 addere
395 2317 434 2349 L.
459 2316 602 2350 Furium
632 2316 690 2358 Sp.
722 2315 746 2349 f.
778 2316 823 2350 M.
852 2324 888 2349 n.
919 2315 1105 2349 Camillum

233 2375 308 2401 cos.
334 2375 366 2399 a.
391 2365 455 2400 446
479 2367 515 2399 et
537 2365 614 2406 429,
639 2366 700 2408 qui
722 2365 952 2408 triumphavit
974 2374 1007 2398 a.
1024 2366 1101 2406 446,

231 2417 299 2451 nisi
314 2417 484 2459 nepotem
495 2425 579 2449 cum
594 2415 677 2461 filio,
696 2416 755 2458 qui
770 2424 967 2458 numquam
982 2417 1105 2449 trium-

231 2467 373 2509 phavit,
409 2466 578 2499 confudit.
611 2483 648 2489 —
680 2475 781 2507 penes
813 2466 902 2499 alias
933 2466 1102 2509 familias]

231 2517 356 2550 Furiae
375 2517 508 2559 gentis,
533 2516 632 2549 cuius
649 2515 719 2549 duo
734 2518 922 2558 praeterea
936 2516 1104 2558 triumphi

233 2566 278 2600 de
303 2565 406 2600 Gallis
429 2568 674 2600 memorantur
696 2566 732 2599 in
754 2567 864 2599 Fastis
887 2566 1106 2608 triumphali-

231 2616 301 2650 bus
323 2618 453 2650 Baiteri
474 2626 510 2660 p.
536 2617 648 2651 CLVL
673 2617 712 2649 P.
737 2617 829 2649 Furii
857 2617 915 2658 Sp.
941 2616 965 2650 f.
995 2617 1040 2650 M.
1066 2626 1101 2649 n.

231 2666 321 2701 Phili
343 2677 376 2701 a.
401 2667 459 2701 534
494 2669 530 2700 et
552 2668 590 2700 L.
615 2667 708 2700 Furii
736 2667 795 2709 Sp.
820 2666 843 2700 f.
870 2667 929 2709 Sp.
954 2675 989 2699 n.
1014 2668 1104 2700 Pur-

231 2718 402 2761 pureonis
436 2729 467 2751 a.
493 2717 570 2752 554.
611 2735 647 2742 —
684 2717 896 2758 modestiam]
934 2717 1103 2751 Mediocri

230 2769 336 2811 igitur
358 2768 452 2801 fama
475 2777 558 2801 cum
582 2768 678 2801 esset
693 2769 880 2800 contentus
903 2776 946 2800 ac
964 2767 1103 2808 quietem

231 2819 302 2861 (44,
328 2818 381 2860 47)
406 2819 583 2859 sectatus,
608 2817 743 2851 nullum
765 2816 964 2861 periculum
987 2817 1033 2850 ab
1058 2826 1101 2851 eo

228 2868 379 2902 timebat
401 2869 580 2911 princeps.

273 2919 327 2953 53.
355 2918 520 2952 Tiberium
542 2918 648 2960 tertio]
673 2919 729 2951 Sic
748 2917 933 2960 scripsisse
948 2917 1099 2959 videtur,

228 2978 274 3003 ne
298 2970 466 3011 quattuor
486 2967 763 3001 homoioteleuta
786 2977 867 3002 sese
885 2969 1099 3011 exciperent.

227 3019 319 3053 Alibi
335 3027 431 3052 enim
446 3017 492 3061 (3,
509 3017 565 3058 28)
586 3018 672 3050 dixit
688 3019 821 3051 tertium
836 3018 966 3059 consul,
992 3027 1102 3060 quam

228 3069 381 3103 formam
395 3069 508 3102 Varro
529 3069 596 3110 (ap.
615 3067 772 3110 Gellium)
797 3067 910 3101 solam
925 3068 1098 3111 probavit.

227 3120 326 3154 Duos
349 3118 554 3153 consulatus
577 3117 739 3151 Tiberius
762 3118 829 3151 sub
844 3120 1000 3160 Augusto
1024 3127 1103 3160 ges-

228 3171 326 3203 serat
349 3178 380 3203 a.
406 3178 443 3203 u.
467 3167 526 3202 744
556 3170 592 3201 et
613 3167 689 3201 747.
726 3168 827 3201 Hunc
848 3169 994 3202 tertium
1017 3160 1102 3201 Sue2

228 3221 324 3254 tonio
347 3221 438 3254 teste
464 3219 507 3261 (c.
532 3217 588 3262 26)
615 3218 738 3261 paucis
769 3218 951 3251 dumtaxat
974 3218 1101 3252 diebus

228 3271 356 3313 gessit,
395 3270 432 3303 in
467 3277 538 3311 quo
573 3268 605 3302 ei
639 3267 809 3302 suffectus
844 3269 899 3301 est
931 3269 968 3301 L.
999 3269 1100 3302 Seius

228 3319 368 3352 Tubero
391 3318 442 3362 (2,
468 3319 522 3353 20.
549 3318 582 3359 4,
606 3318 680 3360 29),
708 3318 874 3360 quartum
897 3326 928 3350 a.
952 3327 988 3351 u.
1014 3318 1098 3359 7743

229 3370 391 3411 quintum
420 3378 453 3402 a.
479 3368 543 3402 784
577 3376 692 3410 usque
726 3368 762 3400 in
795 3367 877 3401 Idus
911 3368 1030 3401 Maias.
1058 3376 1119 3392 —‘

227 3419 344 3454 urbem
365 3418 510 3454 Achaiae
530 3417 733 3461 Nicopolim]
761 3418 846 3451 Late
867 3416 1012 3451 Achaiae
1034 3426 1101 3451 no-

1156 1870 1241 1894 men
1263 1861 1389 1903 sumit,
1414 1870 1487 1894 non
1510 1870 1575 1904 pro
1593 1862 1737 1896 Graecia
1755 1860 1871 1897 solum
1895 1862 1940 1905 (4,
1957 1862 2027 1906 76),

1157 1912 1222 1946 sed
1245 1913 1353 1946 etiam
1375 1921 1440 1955 pro
1464 1913 1589 1955 Epiro,
1621 1912 1684 1946 ubi
1713 1922 1798 1947 sane
1829 1913 1920 1947 haec
1942 1913 2030 1947 urbs

1157 1964 1228 2003 est,
1267 1962 1313 1996 ab
1348 1964 1504 2004 Augusto
1542 1963 1683 1997 condita
1721 1964 1766 1997 ad
1798 1963 2030 1998 Ambracium

1156 2013 1286 2047 sinum.
1334 2013 1449 2047 Credo
1482 2013 1583 2054 ideo,
1623 2015 1704 2057 quia
1741 2013 1798 2048 illo
1833 2023 1922 2048 aevo
1954 2015 2029 2048 tota

1155 2063 1246 2097 haec
1272 2064 1370 2106 regio
1398 2064 1460 2097 uni
1487 2064 1642 2107 praesidi
1671 2066 1846 2108 permissa
1870 2074 1913 2099 ac
1942 2073 2029 2108 pro-

1155 2117 1277 2156 pterea
1296 2116 1332 2147 et
1346 2115 1490 2148 nomine
1506 2123 1577 2148 uno
1594 2114 1698 2148 dicta.
1724 2117 1813 2149 Lips.
1841 2133 1878 2139 —
1902 2124 2028 2149 saera-

1155 2166 1208 2196 tas
1229 2163 1272 2196 ab
1285 2163 1433 2207 Auyusto
1453 2164 1645 2207 manubias]
1671 2164 1722 2198 Cf.
1741 2166 1884 2200 sueton.
1902 2166 2022 2199 Octav-

1155 2213 1215 2246 ⁴8:
1242 2214 1314 2255 Quo
1335 2214 1490 2247 Actiacae
1511 2215 1673 2248 victoriae
1693 2216 1856 2248 memoria
1877 2215 2028 2249 celebra-

1154 2263 1221 2296 tior
1248 2267 1281 2297 et
1306 2264 1343 2296 in
1368 2267 1539 2305 posterum
1568 2268 1666 2305 esset,
1701 2265 1816 2299 urbem
1837 2265 2027 2307 Nicopolim
2052 2305 2054 2308 7

1153 2314 1245 2354 apud
1276 2313 1406 2347 Actium
1446 2315 1592 2348 condidit
1627 2315 1786 2357 ludosque
1825 2315 1894 2349 illie
1925 2316 2028 2358 quin-

1154 2364 1331 2405 quennales
1352 2365 1495 2398 instituit
1516 2368 1548 2398 et
1569 2366 1732 2407 ampliato
1746 2369 1856 2399 vetere
1868 2366 2030 2408 Apollinis

1154 2414 1273 2455 templo
1295 2414 1404 2447 locum
1427 2419 1634 2457 castrorum,
1661 2416 1779 2458 quibus
1799 2417 1915 2459 fiacr-at
1934 2425 2025 2458 usus,

1153 2468 1407 2498 exornatum
1428 2466 1661 2499 navalibus
1683 2467 1850 2508 spoliis,
1874 2467 2028 2509 Neptuno

1153 2524 1195 2548 ac
1214 2516 1322 2548 Marti
1342 2516 1559 2549 consecravit.
1595 2516 1647 2550 Cf.
1671 2517 1738 2551 Dio
1753 2517 1809 2558 50,
1834 2517 1887 2551 42.
1911 2518 1967 2558 54,
1992 2517 2025 2551 4.

1156 2582 1192 2589 -
1217 2569 1255 2598 ut
1275 2567 1478 2607 memoravi]
1503 2575 1582 2610 cap.
1599 2566 1654 2601 43.
1683 2585 1720 2591 —
1744 2568 1859 2610 imaqo
1881 2568 2028 2601 tristium

1153 2616 1390 2659 laetorumque]
1423 2617 1587 2658 tristium,
1619 2617 1648 2650 si
1670 2618 1862 2651 Antonium
1883 2618 2027 2661 speeta-

1153 2668 1228 2707 ret,
1264 2667 1450 2709 laetorum,
1487 2669 1517 2701 si
1546 2668 1754 2710 Augustum.
1801 2668 1844 2702 Et
1871 2668 1948 2711 ipse
1978 2667 2026 2702 ab

1153 2719 1306 2759 utroque
1330 2719 1365 2751 in
1388 2720 1580 2760 utrumque
1604 2718 1764 2752 affectus.
1788 2719 1875 2752 Lirs.
1897 2737 1934 2743 —
1957 2727 2026 2753 uno

1151 2767 1282 2809 lictore]
1316 2768 1397 2801 Vim
1427 2770 1675 2810 terroremque
1709 2769 1848 2811 imperii
1876 2769 2025 2803 Romani

1152 2817 1392 2851 ostendebant
1404 2817 1566 2859 lictores,
1591 2827 1757 2859 secures,
1782 2818 1908 2853 fasces.
1939 2818 2025 2852 Ideo

1152 2875 1235 2900 cum
1267 2867 1434 2910 adempto
1465 2867 1523 2900 illo
1552 2869 1652 2901 metu
1675 2869 1900 2910 magistratus
1923 2868 2025 2911 quasi

1151 2917 1198 2950 ad
1221 2918 1356 2951 amicos
1379 2927 1485 2960 agere
1507 2917 1692 2959 volebant,
1717 2918 1952 2952 removebant
1972 2919 2025 2952 in-

1151 2968 1263 3009 signia
1278 2968 1473 3011 potestatis.
1499 2968 1555 3001 Sic
1563 2968 1734 3002 Antonius
1750 2967 1833 3002 olim
1848 2969 1883 3002 in
1896 2967 2024 3002 eadem

1150 3017 1254 3051 urbe.
1292 3019 1440 3061 Appian.
1458 3018 1497 3051 B.
1516 3018 1555 3051 C.
1574 3019 1608 3059 5,
1634 3018 1689 3051 76.
1728 3017 1888 3052 Tiberius
1909 3018 2023 3052 Rhodi

1149 3076 1253 3111 penus
1281 3068 1370 3101 vitae
1399 3068 1496 3101 civile
1524 3068 1570 3101 ad
1598 3068 1733 3101 modum
1758 3068 1918 3109 instituit,
1952 3069 2024 3103 sine

1151 3119 1266 3151 lictore
1287 3121 1349 3151 aut
1369 3118 1501 3151 viatore
1521 3117 1700 3160 qymnasia
1721 3117 1889 3151 interdum
1910 3117 2024 3152 obam-

1151 3168 1281 3202 bulans.
1328 3169 1470 3202 Sueton.
1507 3167 1583 3201 Tib.
1621 3169 1675 3201 44.
1711 3168 1798 3201 Lm.
1843 3167 2022 3203 Romanos

1152 3219 1375 3262 magistratus
1412 3226 1556 3261 semper
1592 3217 1781 3251 humanius
1819 3218 1856 3251 et
1888 3216 2021 3252 civilius

1152 3270 1266 3311 egisse
1291 3277 1374 3302 cum
1395 3267 1674 3301 Atheniensibus
1703 3275 1812 3310 quam
1840 3275 1923 3301 cum
1945 3266 2021 3303 aliis

1151 3317 1290 3361 populis
1314 3318 1420 3351 docet
1439 3317 1670 3351 casaubonus
1692 3316 1739 3350 ad
1753 3316 1881 3350 Athen.
1905 3318 1939 3358 5,
1963 3317 2019 3352 49.

1150 3377 1186 3411 p.
1203 3369 1280 3402 242.
1300 3385 1336 3392 -
1359 3367 1593 3411 praeferentes]
1618 3376 1700 3401 cum
1723 3367 1909 3400 iactatione
1924 3375 2023 3401 com-

1150 3419 1406 3453 memorantes.
1431 3418 1506 3453 Liv.
1523 3418 1577 3461 37,
1595 3417 1656 3452 37:
1683 3415 1853 3453 Iliensibus
1873 3416 1910 3450 in
1930 3416 2021 3451 omni
