2254 3770
258 278 340 323 496

734 282 779 326 P.
811 281 1062 327 CORNELII
1091 282 1262 328 TACITI
1291 283 1561 330 ANNALIUM

255 392 345 429 tum
371 386 421 442 sin
459 386 647 432 Ciliciam
685 388 936 440 memoravi,
980 390 1191 448 corruptis
1222 389 1473 434 custodibus
1503 389 1694 448 effugere
1723 389 1778 435 ad
1807 390 2043 444 Armen10s,

252 463 352 507 inde
395 463 581 508 Albanos
624 463 957 523 Heniochosque
997 470 1040 509 et
1079 465 1444 522 consanguineum
1484 465 1566 509 sibi
1604 479 1750 524 regem
1789 465 2046 526 Scytharum

251 544 429 582 conatus
465 545 541 583 est.
597 539 742 597 specie
773 539 958 584 venandi
988 540 1159 584 omissis
1187 540 1410 585 maritimis
1437 540 1545 585 locis
1575 540 1671 586 avia
1700 541 1883 586 saltuum
1912 540 2044 600 petiit,

250 628 349 658 mox
383 615 633 673 pernicitate
669 615 771 673 equi
809 614 865 658 ad
899 629 1068 660 amnem
1097 618 1329 675 Pyramum
1359 615 1595 669 contendit,
1637 617 1760 661 cuius
1789 623 1943 676 pontes
1974 630 2047 662 ac-

218 702 239 731 rs
250 690 370 734 colae
399 697 605 748 ruperant
633 690 779 734 audita
807 690 921 749 regis
951 691 1070 749 fuga;
1101 705 1244 750 neque
1267 691 1378 736 vado
1407 684 1622 750 penetrari
1643 699 1822 751 poterat.
1853 692 1981 751 igitur
2001 693 2045 736 in

248 766 341 824 ripa
362 765 548 810 fluminis
569 780 594 809 a
617 765 736 811 Vibio
758 767 982 819 Frontone,
1004 767 1222 825 praefecto
1246 768 1450 826 equitum,
1474 768 1676 819 vincitur,
1708 782 1808 812 mox
1826 768 2044 813 Remmius

248 849 469 894 evocatus,
509 842 642 900 priori
678 841 901 886 custodiae
938 843 1052 901 regis
1088 843 1327 901 adpositus,
1367 843 1491 902 quasi
1522 858 1602 902 per
1630 843 1738 888 iram
1768 843 1910 902 gladio
1941 857 2045 888 eum

248 918 451 976 transigit.
495 917 611 961 unde
650 918 786 961 maior
821 917 930 963 fides
960 919 1221 967 conscientia
1257 918 1434 964 sceleris
1465 925 1507 964 et
1536 925 1653 964 metu
1683 919 1829 964 indicii
1858 925 2043 964 mortem

247 994 411 1038 Vononi
441 993 626 1037 inlatam.

198 1080 235 1110 4ο

333 1069 414 1126 (69)
446 1071 497 1113 At
526 1069 806 1114 Germanicus
836 1070 1031 1128 Aegypto
1061 1083 1261 1114 remeans
1292 1075 1444 1114 cuncta
1474 1083 1588 1128 quae
1618 1076 1721 1128 aput
1749 1070 1943 1129 legiones
1973 1077 2047 1115 aut

247 1145 379 1190 urbes
409 1145 594 1189 iusserat
623 1145 781 1190 abolita
809 1144 878 1189 vel
907 1145 950 1188 in
981 1145 1241 1190 contrarium
1269 1159 1396 1191 versa
1426 1146 1658 1203 cognoscit.
1690 1146 1789 1192 hinc
1817 1160 1971 1204 graves
2001 1147 2044 1190 in

247 1221 447 1266 Pisonem
493 1220 797 1273 contumeliae,
844 1234 926 1265 nec
962 1222 1103 1264 minus
1145 1221 1303 1265 acerba
1351 1235 1464 1279 quae
1508 1220 1562 1265 ab
1605 1220 1677 1265 illo
1726 1222 1770 1265 in
1813 1222 2045 1268 Caesarem

247 1296 576 1355 temptabantur.
633 1296 735 1341 dein
771 1296 871 1340 Piso
908 1296 1029 1340 abire
1070 1297 1196 1341 Suria
1232 1296 1388 1341 statuit.
1445 1310 1544 1340 mox
1582 1296 1766 1341 adversa
1804 1297 2044 1342 Germanici
2074 1300 2082 1310 “

247 1372 478 1418 valitudine
509 1372 726 1425 detentus,
758 1372 832 1416 ubi
862 1378 1105 1417 recreatum
1134 1372 1302 1431 accepit
1321 1378 1508 1430 votaque
1538 1386 1617 1430 pro
1649 1371 1938 1418 incolumitate
1959 1372 2046 1418 sol-

311 1508 344 1540 9.
369 1507 445 1540 inde
466 1506 665 1549 Wopkens:
701 1506 777 1539 inde
804 1506 841 1538 in
868 1506 920 1546 M3
953 1506 1029 1539 dein
1050 1505 1177 1539 Haase.
1210 1523 1247 1529 -
1278 1505 1311 1540 3.
1339 1505 1440 1546 spatie
1465 1505 1499 1539 M
1524 1522 1561 1529 -
1593 1504 1626 1539 4.
1650 1506 1726 1547 equi
1751 1506 1923 1539 edamnem
1945 1507 1980 1542 M
2003 1523 2042 1532 —

247 1565 301 1598 43.
326 1563 574 1605 temptabantur
596 1564 646 1597 M:
671 1563 922 1596 intentabantur
943 1563 1138 1604 Wurmius‚
1165 1561 1244 1596 coll.
1270 1562 1303 1604 3,
1321 1562 1376 1596 98.
1401 1561 1435 1604 4,
1454 1562 1508 1595 44.
1528 1562 1588 1612 49,
1606 1561 1661 1596 47.
1686 1563 1775 1597 Hist.
1801 1564 1832 1605 4,
1857 1563 1911 1598 69.

245 1672 387 1713 Pighius
411 1670 456 1704 ad
479 1680 511 1704 a.
538 1679 573 1704 u.
598 1679 630 1704 c.
655 1671 719 1704 590
745 1671 813 1711 (594
841 1671 968 1713 Varr.).
999 1671 1120 1704 Exstat

245 1724 412 1757 denarius
444 1731 526 1755 cum
558 1723 672 1764 capite
704 1721 850 1755 feminili
877 1722 1001 1755 turrito
1030 1721 1119 1755 sub-

246 1775 379 1817 scripto
412 1772 720 1814 ALEXANDREA,
755 1773 791 1806 in
829 1774 930 1816 parte
969 1782 1115 1806 aversa:

244 1824 292 1857 M.
324 1823 517 1857 LEPIDVS.
548 1823 670 1856 PONT.
702 1823 805 1857 MAX.
839 1823 983 1857 TVTOR.
1015 1823 1114 1856 REG.

244 1874 280 1907 S.
306 1874 342 1907 C.
366 1874 542 1907 Akerman
565 1874 600 1914 I,
624 1882 661 1916 p.
686 1874 740 1906 90.
775 1873 826 1908 Cf.
853 1872 1118 1916 champollion-

245 1926 370 1967 Figeac
391 1924 536 1957 Annales
558 1924 612 1956 des
633 1925 787 1966 Laqides.
817 1926 914 1957 Paris
936 1923 1034 1958 4849.
1067 1925 1114 1965 11,

244 1985 279 2018 p.
306 1975 380 2008 430.
418 1974 556 2016 Madvig
578 1973 624 2006 ad
648 1975 719 2007 Cic.
745 1974 790 2007 de
814 1974 924 2008 Finib.
949 1975 982 2015 5,
1009 1974 1028 2016 ἓ
1053 1973 1114 2007 64:

243 2035 304 2058 nos
325 2028 451 2059 tutores
471 2024 605 2066 reyibus
625 2026 789 2058 misimus.

288 2076 342 2108 68.
366 2077 404 2108 in
427 2075 591 2115 Ciliciam]
616 2073 905 2117 Pompeiopolim.
932 2074 984 2108 Cf.
1007 2084 1040 2108 c.
1058 2074 1115 2108 58.

243 2126 432 2160 Suetonius
462 2124 538 2158 Tib.
563 2124 605 2158 49
633 2125 738 2167 paulo
761 2125 861 2158 aliter
883 2125 975 2158 haec
997 2127 1118 2158 narrat

244 2179 281 2211 et
314 2186 397 2210 cum
431 2175 560 2209 Tiberii
592 2176 743 2218 probro:
779 2177 844 2209 Sed
875 2179 907 2209 et
940 2177 1114 2217 Vononem,

242 2229 443 2261 Parthorum
463 2235 593 2269 reyem,
618 2227 676 2268 qui
692 2227 812 2268 pulsus
834 2236 856 2259 a
878 2229 947 2261 suis
962 2229 1058 2269 quasi
1081 2227 1117 2260 in

241 2279 340 2322 fidem
363 2278 480 2319 populi
507 2278 649 2310 Romani
678 2286 755 2310 cum
783 2279 910 2320 ingenti
939 2286 1030 2320 gaza
1051 2277 1116 2310 An-

241 2330 401 2363 tiochiwm
421 2337 455 2361 se
475 2331 662 2369 receperat,
686 2328 842 2369 spoliavit
852 2329 999 2370 pertidia
1013 2331 1044 2361 et
1059 2337 1117 2361 oc-

243 2380 334 2413 cidit.
366 2379 407 2413 Ut
423 2378 531 2411 Taciti
547 2379 701 2411 narratio
717 2380 782 2419 est,
808 2379 1001 2421 imperator
1017 2379 1115 2411 extra

243 2428 397 2472 culpam.
415 2429 502 2461 Lirs.
523 2445 560 2451 —-
584 2428 738 2471 Albanos]
755 2428 801 2461 ad
817 2437 916 2461 mare
933 2429 1113 2471 Caspium,

242 2482 335 2514 inter
353 2481 553 2514 Caucasum
577 2480 682 2521 atque
699 2480 915 2513 Armeniam.
937 2498 973 2503 —
991 2480 1117 2513 Henio-

243 2530 328 2572 chos]
352 2530 397 2563 ad
419 2530 570 2563 Pontum
587 2530 762 2563 Euxinum
778 2530 812 2563 in
828 2531 1001 2563 Sarmatia
1014 2530 1116 2563 Asia-

242 2582 324 2614 tica.
353 2599 389 2605 -
416 2584 553 2614 conatus
575 2583 632 2614 est.
657 2580 772 2622 specie]
797 2582 838 2615 Ut
860 2581 912 2615 sic
934 2580 1116 2622 interpun-

243 2632 403 2674 geretur,
435 2632 560 2663 auctor
582 2631 645 2664 fuit
667 2630 862 2670 Acidalius;
895 2632 999 2664 antea
1027 2639 1114 2664 sane

242 2690 435 2726 perperam
466 2681 747 2723 distinguebant:
781 2684 921 2714 conatus
942 2684 989 2714 est
1010 2682 1116 2722 specie

241 2733 397 2767 venandi.
422 2734 552 2766 omissis
574 2734 642 2764 cet.
667 2741 732 2774 pro
757 2740 828 2774 quo
851 2733 877 2764 Ι.
902 2732 957 2765 Fr.
983 2732 1114 2764 Grono-

242 2785 318 2818 vius
334 2782 508 2816 malebat:
534 2785 682 2822 conatus,
707 2782 811 2823 specie
824 2782 987 2822 venandi,
1012 2782 1114 2814 omis-

240 2836 295 2868 sis.
312 2853 348 2858 —
366 2832 557 2874 Pyramum]
575 2840 718 2865 amnem
733 2831 872 2865 Ciliciae
889 2832 1111 2874 campestris,

242 2886 302 2928 qui
337 2882 404 2917 suh
438 2881 539 2917 Mallo
572 2883 608 2914 in
642 2883 791 2915 Issicum
825 2883 943 2915 sinum
979 2881 1110 2922 influit,

241 2935 346 2968 hodie
368 2933 531 2967 Dishoun.
561 2951 594 2956 —
622 2933 793 2974 praefecto
816 2931 975 2974 equitum]
999 2931 1035 2965 id
1058 2932 1113 2965 est

241 2985 337 3025 alae,
367 2985 407 3016 ut
438 2981 607 3025 praefecti
636 2983 814 3016 sociorum
843 2983 980 3015 tantum
1003 2981 1111 3015 modo

241 3033 386 3076 singulis
419 3032 599 3066 sociorum
633 3032 837 3065 cohortibus
868 3031 1109 3074 praefuerunt.

241 3085 385 3117 Sueton.
411 3083 531 3115 Octav.
557 3081 615 3114 38:
648 3081 775 3114 Liberis
803 3085 995 3115 senatorum
1019 3081 1112 3114 mili-

240 3135 324 3166 tiam
346 3131 596 3174 auspicantibus
624 3140 691 3164 non
713 3131 922 3164 tribunatum
943 3131 1040 3164 modo
1062 3131 1111 3163 le-

240 3186 395 3225 gionum,
431 3184 487 3216 sed
517 3185 548 3215 et
574 3182 808 3223 praefecturas
841 3182 977 3214 alarum
1010 3182 1109 3215 dedit.

241 3233 399 3267 Valerius
427 3235 517 3267 Max.
542 3233 580 3273 9,
605 3233 645 3273 7,
671 3232 691 3265 9
721 3233 913 3274 postquam
942 3233 1108 3272 narravit,

242 3283 372 3325 quibus
388 3283 598 3325 ignominiae
615 3281 804 3324 generibus
820 3281 855 3314 C.
875 3281 996 3321 Titius,
1021 3282 1111 3322 equi-

241 3337 312 3366 tum
332 3334 541 3375 praefectus,
578 3332 623 3365 ab
654 3333 691 3365 L.
715 3332 841 3366 Pisone
872 3330 1017 3364 consule
1044 3331 1110 3363 ad-

241 3383 355 3417 fectus
378 3384 440 3423 sit,
473 3383 588 3416 addit:
620 3382 801 3416 Interdioeit
819 3382 920 3415 etiam
942 3382 972 3414 ei
994 3383 1110 3415 convi—

241 3436 332 3467 ctum
352 3433 521 3468 hortunam
541 3440 704 3475 usumque
729 3432 942 3474 balnearum,
965 3434 1112 3466 turmas·

1169 1678 1231 1711 que
1245 1668 1404 1710 equitum,
1419 1668 1537 1710 quibus
1545 1668 1757 1711 praefuerat,
1776 1670 1938 1712 ademtis
1951 1671 2046 1712 equis

1166 1721 1203 1754 in
1224 1720 1433 1762 funditorum
1455 1720 1532 1752 alas
1553 1720 1780 1762 transcripsit.
1807 1738 1845 1744 —
1876 1721 2044 1764 evocatus]

1167 1772 1231 1804 Dio
1254 1770 1310 1811 45,
1336 1771 1393 1803 49ῑ
1419 1769 1463 1804 ἐκ
1484 1767 1632 1804 τούτων
1659 1769 1701 1804 δὲ
1725 1767 1773 1815 δὴ
1796 1769 1873 1805 τῶν
1894 1769 2044 1818 ἀνδρῶν

1166 1822 1233 1855 καὶ
1269 1818 1315 1854 τὸ
1351 1817 1428 1854 τῶν
1460 1816 1707 1855 Ἧουοκάτων
1741 1819 1927 1866 σύστημα
1959 1820 2044 1866 (οὓς

1166 1868 1411 1914 ἁνακλήτους
1433 1866 1484 1904 ἅν
1505 1881 1563 1913 τις
1577 1870 1796 1916 ἑλληνίσας,
1821 1867 1881 1906 ὅτι
1897 1883 2044 1908 πεπαυ-

1165 1923 1277 1965 μένοι
1299 1919 1368 1965 τῆς
1391 1922 1592 1979 στρατείας
1613 1921 1671 1956 ἐπ’
1688 1918 1811 1966 αὐτὴν
1825 1916 1939 1965 αὖθις
1953 1919 2043 1956 ἀνε-

1166 1971 1389 2016 κλήθησαν,
1422 1968 1665 2017 ὀνομάσειεν)
1696 1972 1901 2018 ἐνομίσθη.
1941 1974 2042 2008 Idem

1166 2025 1220 2065 55,
1245 2023 1305 2058 94;
1330 2020 1483 2065 τούτοις
1505 2024 1601 2067 (τοῖς
1623 2020 1869 2085 ἀνακλήτοις)
1892 2020 2040 2072 ἤρξατο

1164 2073 1237 2117 μὲν
1259 2075 1427 2117 νομίζειν
1457 2075 1657 2117 (Augustus)
1689 2071 1757 2116 ἀφ’
1785 2068 1833 2110 οὗ
1855 2073 1949 2118 τοὺς
1972 2086 2044 2110 συ-

1167 2126 1523 2186 στρατευσαμένους
1545 2124 1597 2170 τῷ
1621 2126 1736 2184 πατρὶ
1760 2123 1857 2172 πρὸς
1875 2124 1925 2160 τὰ
1940 2121 2043 2160 ὅπλα

1166 2170 1280 2217 αὖθις
1302 2175 1363 2210 ἐπὶ
1378 2173 1447 2209 τὸν
1465 2159 1662 2210 Λντώνιον
1679 2173 1929 2220 ἀνεκάλεσεν,
1954 2175 2042 2222 ἐτή-

1165 2238 1261 2286 ρησε
1283 2226 1346 2261 δέ·
1371 2227 1437 2260 καὶ
1460 2227 1535 2260 εἰσὶ
1558 2227 1624 2260 καὶ
1639 2226 1708 2261 νῦν
1722 2226 1906 2273 σύστημα
1928 2226 2039 2270 ιδιον,

1165 2274 1335 2325 ῥάβδους
1349 2279 1532 2326 φέροντες
1547 2272 1677 2325 ὥσπερ
1693 2279 1734 2312 οἱ
1747 2277 2039 2328 ἑκατόνταρχοι.

1167 2346 1203 2352 -
1229 2329 1400 2362 custodiae
1426 2329 1517 2371 regis
1545 2329 1727 2372 adpositus]
1767 2329 1819 2363 Cf.
1845 2330 1882 2370 4,
1907 2330 1946 2363 6.
1976 2331 2043 2364 tri-

1165 2379 1252 2412 buno
1275 2379 1442 2412 custodiae
1460 2378 1621 2419 adposito.
1647 2378 1734 2413 Hist.
1753 2380 1786 2421 4,
1802 2378 1865 2413 43;
1890 2380 2041 2414 centurio

1164 2429 1334 2462 custodiae
1355 2429 1484 2462 Pisonis
1504 2428 1650 2462 additus.

1209 2478 1263 2511 69.
1288 2477 1451 2521 admotas]
1475 2477 1656 2512 altaribus.
1683 2478 1735 2512 Cf.
1757 2479 1902 2512 Sueton.
1928 2477 2037 2522 Calig.

1164 2528 1224 2561 32:
1250 2528 1388 2561 admota
1403 2528 1567 2561 altaribus
1581 2528 1730 2562 victima.
1747 2546 1784 2552 —
1798 2527 1928 2570 festam]
1944 2526 2037 2562 laeto

1164 2578 1286 2612 habitu
1310 2579 1346 2612 et
1368 2578 1606 2612 candidatam.
1640 2578 1692 2612 Cf.
1717 2579 1839 2612 Horat.
1865 2588 1896 2612 c.
1922 2578 1955 2620 3,
1981 2578 2035 2620 48,

1164 2630 1224 2662 44;
1247 2630 1348 2671 festus
1367 2638 1490 2671 payus.
1511 2647 1548 2652 —
1569 2628 1761 2670 proturbat]
1783 2627 1923 2672 repellit
1935 2628 2038 2662 ideo-

1164 2688 1234 2721 que
1258 2679 1423 2722 dissipat,
1447 2680 1483 2712 vi
1506 2678 1675 2712 adhibita.
1709 2679 1766 2712 Sic
1789 2679 1826 2719 2,
1853 2678 1911 2711 ⁴4:
1935 2678 2037 2712 colle-

1162 2733 1230 2762 ctos
1260 2728 1472 2771 proturbant.
1508 2746 1544 2753 —
1580 2728 1776 2768 Seleuciam]
1807 2735 1906 2768 eam,
1942 2736 2035 2769 quae

1162 2780 1275 2813 Pieria
1298 2777 1624 2820 cognominabatur.
1654 2778 1743 2810 Nam
1759 2775 1911 2810 inlitora
1929 2777 2036 2810 maris

1163 2830 1255 2870 erat,
1286 2828 1507 2871 parabatque
1538 2827 1798 2869 navigationem
1828 2826 1926 2866 Piso;
1957 2827 2036 2860 tum

1163 2881 1270 2913 etiam
1292 2879 1386 2912 haud
1411 2877 1535 2921 procul
1557 2877 1759 2917 Antiochia,
1791 2876 1887 2909 unde
1909 2877 2035 2910 venie-

1161 2930 1235 2963 bat.
1253 2930 1340 2962 st.
1360 2946 1396 2952 —
1415 2926 1669 2970 aeyritudinem]
1686 2926 1913 2968 aegritudinis
1930 2935 2035 2960 even-

1160 2982 1250 3014 tum.
1278 2997 1314 3004 —
1347 2981 1463 3013 erutae
1489 2978 1712 3035 humanorum
1741 2984 1920 3017 corporum
1951 2976 2035 3009 reli-

1161 3030 1269 3074 quiae]
1293 3030 1358 3063 Dio
1380 3030 1436 3070 57,
1444 3028 1521 3089 (³¹:⁴8
1547 3023 1645 3061 ὀστᾶ
1666 3023 1740 3074 γὰρ
1762 3021 1976 3073 ἀνθρώπων
1990 3025 2032 3059 ἐν

1159 3080 1206 3129 τῇ
1239 3081 1345 3126 οἰκίᾳ
1372 3078 1413 3114 ἐν
1435 3071 1461 3126 ᾗ
1484 3074 1575 3123 ᾤκει
1597 3077 1934 3136 κατορωρυγμένα,
1964 3076 2031 3109 καὶ

1160 3131 1325 3174 ἐλασμοὶ
1352 3111 1569 3174 μολὶβδινοι
1594 3124 1693 3175 ἀράς
1713 3136 1819 3168 τινας
1840 3123 1938 3173 μετὰ
1959 3123 2029 3159 τοῦ

1160 3179 1355 3226 ὀνόματος
1377 3176 1497 3214 αὐτοῦ
1520 3174 1694 3219 ἔχοντες,
1724 3175 1865 3220 ζῶντος
1883 3165 1941 3209 ’ἔθ’
1964 3172 2031 3210 εῦ-

1158 3232 1266 3280 ρέθη.
1309 3233 1378 3265 Aut
1410 3239 1510 3264 mera
1542 3227 1708 3263 terricula
1735 3228 1826 3261 haec
1853 3227 1955 3260 erant
1982 3226 2029 3260 ad

1159 3282 1360 3326 augendam
1393 3289 1527 3325 pavore
1559 3281 1633 3314 vim
1666 3278 1783 3312 morbi
1816 3277 2024 3321 excogitata,

1158 3335 1220 3366 aut
1245 3341 1284 3366 re
1312 3340 1398 3365 vera
1427 3331 1509 3364 tacti
1540 3330 1641 3363 erant
1662 3327 1911 3371 superstitione
1935 3326 2023 3368 rore,

1157 3383 1196 3415 ut
1224 3382 1382 3424 magicae
1412 3381 1481 3414 hae
1512 3378 1721 3423 praestigiae
1749 3375 1840 3410 illius
1869 3377 2025 3410 mortem

1156 3431 1409 3467 accelerarent.
1444 3447 1480 3455 —
1515 3428 1669 3464 carmina
1695 3430 1726 3462 et
1754 3425 1949 3470 medones]
1982 3421 2025 3460 ἓν
