2254 3770
706 264 863 310 LIBER
888 264 992 310 XIV.
1035 263 1137 322 Cap.
1166 262 1234 307 47.
1263 262 1331 307 48.
1361 262 1430 307 49.
1876 254 1958 302 473

182 372 426 432 imperatori
456 372 633 431 gloriam
661 372 828 431 quaeri,
859 377 906 415 ut
934 370 1242 416 condemnatus
1263 384 1289 415 a
1308 376 1459 415 senatu
1488 368 1794 414 intercessione
1823 367 1959 412 tribu-

181 449 292 494 nicia
331 448 452 492 morti
491 447 761 492 eximeretur.
802 453 845 492 et
873 461 971 491 cum
1002 446 1200 491 Ostorius
1229 445 1332 489 nihil
1361 445 1578 490 audivisse
1606 458 1686 502 pro
1715 443 1958 488 testimonio

181 523 377 576 dixisset,
408 523 601 567 adversis
631 522 810 567 testibus
841 521 1073 575 creditum3
1104 521 1356 580 censuitque
1386 521 1531 565 Iunius
1557 519 1779 571 Marullus,
1811 517 1961 564 consul

181 599 443 657 designatus,
489 598 761 643 adimendam
803 611 880 642 reo
923 604 1167 656 praeturam
1211 597 1538 655 necandumque
1581 609 1701 640 more
1737 595 1959 639 maiorum.

180 675 335 719 ceteris
363 674 463 718 inde
492 673 840 726 assentientibus,
871 674 1025 718 Paetus
1056 672 1258 725 Thrasea,
1290 672 1422 717 multo
1453 687 1550 717 cum
1579 671 1742 716 honore
1764 670 1991 715 Caesariss

180 756 223 794 et
251 749 458 794 acerrime
488 749 695 807 increpito
721 749 910 801 Antistio,
941 762 1027 792 non
1056 748 1262 807 quicquid
1291 762 1452 793 nocens
1481 761 1583 792 reus
1602 747 1688 805 pati
1709 752 1957 797 mereretur,

179 825 222 869 id
252 825 425 883 egregio
455 825 536 869 sub
565 825 758 883 principe
788 831 831 868 et
858 823 971 868 nulla
1001 823 1256 868 necessitate
1277 823 1482 868 obstricto
1506 823 1669 867 senatui
1690 822 1960 867 statuendum

179 900 391 944 disseruit.
437 900 681 944 carnificem
710 906 752 944 et
780 899 981 958 laqueum
1010 899 1176 957 pridem
1195 899 1374 952 abolita;
1405 905 1447 943 et
1476 912 1574 943 esse
1602 912 1765 956 poenas
1793 897 1961 956 legibus

179 975 443 1026 constitutas,
476 975 632 1033 quibus
662 975 754 1019 sine
785 974 973 1019 iudicum
1004 975 1180 1019 saevitia
1209 981 1252 1019 et
1284 981 1524 1032 temporum
1553 974 1723 1018 infamia
1751 973 1962 1032 supplicia

178 1051 521 1095 decernerentur.
554 1050 656 1109 quin
683 1050 727 1093 in
748 1050 902 1101 insula,
934 1050 1158 1108 publicatis
1177 1050 1320 1102 bonis,
1352 1063 1439 1108 quo
1458 1049 1625 1107 long-ius
1647 1055 1813 1093 sontem
1831 1049 2010 1093 vitamio

177 1126 389 1178 traxisset,
423 1139 476 1170 eo
505 1125 702 1184 privatim
731 1126 998 1170 miseriorem
1019 1133 1061 1169 et
1079 1125 1276 1184 publicae
1298 1124 1548 1169 clementiae
1567 1124 1796 1168 maximum
1816 1138 1962 1168 exem-

177 1201 296 1260 plum
325 1201 523 1244 futurum.
570 1201 651 1258 (49)
692 1201 865 1245 libertas
895 1201 1106 1245 Thraseae
1142 1201 1362 1245 servitium
1390 1200 1571 1245 aliorum
1600 1201 1732 1258 rupit,
1773 1206 1816 1244 et
1843 1206 1962 1258 post-

178 1291 308 1336 quam
335 1276 645 1321 discessionem
675 1276 826 1322 consul
855 1278 1125 1335 permiserat,
1166 1277 1352 1335 pedibus
1381 1277 1423 1319 in
1454 1276 1707 1320 sententiam
1735 1275 1828 1319 eius
1857 1275 1959 1327 iere,

177 1353 326 1411 paucis
364 1352 578 1411 exceptis3
623 1353 667 1396 in
704 1353 862 1411 quibus
901 1352 1144 1397 adulatione
1186 1351 1530 1411 promptissimus
1568 1351 1644 1394 suit
1679 1354 1726 1394 A.
1757 1351 1959 1403 Vitellius,

178 1428 382 1486 optimum
421 1442 639 1487 quemque
682 1428 819 1486 iurgio
856 1428 1074 1472 lacessens
1114 1435 1156 1473 et
1183 1428 1460 1487 respondenti
1490 1427 1690 1478 reticens,
1733 1434 1779 1471 ut
1808 1426 1962 1485 pavida
1973 1436 2010 1466 is

178 1503 346 1562 ingenia
375 1503 524 1547 solent.
555 1510 597 1548 at
626 1503 825 1548 consules
855 1503 1065 1562 perficere
1095 1504 1315 1548 decretum
1338 1510 1512 1548 senatus
1531 1517 1617 1547 non
1637 1503 1750 1554 ausi,
1783 1502 1837 1546 de
1858 1516 1961 1546 con-

179 1592 310 1623 sensu
339 1579 552 1637 scripsere
583 1579 768 1623 Caesari.
799 1579 870 1623 ille
899 1580 1010 1623 inter
1038 1579 1250 1638 pudorem
1278 1586 1320 1624 et
1345 1580 1451 1623 iram
1471 1585 1710 1630 cunctatus,
1741 1584 1960 1636 postremo

180 1654 400 1712 rescripsit
436 1653 552 1698 nulla
589 1655 743 1698 iniuria
777 1661 1056 1713 provocatum
1084 1655 1306 1699 Antistium
1343 1655 1614 1713 gravissimas
1643 1654 1686 1697 in
1723 1653 1961 1712 principem

236 1770 274 1817 4.
299 1768 445 1811 ρίονίαηι
467 1770 584 1810 quaeri
605 1772 642 1802 ut
656 1768 832 1802 Acidalius
857 1769 928 1812 (qui
952 1770 1057 1804 etiam
1080 1771 1265 1813 proposuit
1285 1771 1397 1813 gloria
1417 1771 1570 1812 quaesita
1591 1770 1664 1811 ut):
1690 1769 1835 1812 glor-iam
1856 1777 1961 1810 quae-

175 1826 254 1858 siuit
275 1826 309 1858 M
332 1843 366 1849 —
393 1825 626 1858 condemnatus
641 1844 659 1850 -
671 1843 690 1849 -
706 1827 908 1859 eximeretur
924 1828 969 1859 G:
994 1828 1229 1860 condemnatus
1242 1844 1291 1851 --
1304 1828 1463 1860 eximeret
1478 1827 1530 1865 M;
1554 1827 1806 1859 condemnatum
1821 1843 1870 1850 --
1884 1826 1961 1859 exi-

174 1884 277 1915 meret
299 1881 464 1915 Ritterus.
484 1899 520 1904 —
546 1882 579 1914 2.
597 1882 698 1915 nichil
719 1883 753 1915 M
778 1901 813 1906 —
839 1884 871 1916 5.
897 1884 1013 1928 ceteris
1034 1884 1069 1917 M
1087 1901 1124 1908 —
1149 1884 1180 1917 8.
1200 1892 1308 1925 penas
1322 1884 1356 1918 M
1376 1902 1412 1908 -
1436 1884 1468 1916 9.
1484 1884 1606 1916 seuitia
1627 1883 1661 1916 Μ
1680 1900 1715 1906 -
1734 1882 1788 1915 40.
1814 1881 1893 1923 quin
1909 1883 1955 1915 G:

176 1939 233 1980 qui
247 1939 282 1972 M
297 1956 340 1962 —
357 1938 410 1971 44.
427 1938 584 1971 traxisset
598 1937 832 1972 Puteolanus:
855 1941 1026 1972 transisset
1041 1941 1075 1973 M
1092 1957 1127 1963 -
1153 1940 1282 1981 priuati
1295 1941 1330 1973 M
1348 1958 1383 1963 —
1407 1941 1615 1973 miseriorem
1629 1939 1784 1981 Lipsius:
1808 1938 1962 1971 miserior

176 1995 210 2028 M
234 2011 270 2018 —·
292 1994 422 2035 publice
451 1993 673 2027 Doederlein.
701 2013 737 2018 —
769 1996 821 2028 42.
847 1996 975 2029 thrasco
996 1997 1030 2030 M
1062 2014 1097 2020 —
1132 1996 1184 2029 43.
1211 2005 1275 2029 cos.
1300 1997 1334 2030 M
1360 2014 1394 2020 —
1428 1996 1509 2029 ieret
1530 1996 1565 2029 M
1590 2013 1626 2019 -—
1655 1994 1708 2028 44.
1733 1996 1881 2036 exceptis
1903 1995 1961 2027 Pi-

176 2051 310 2084 chena:
343 2050 469 2091 exeplis
490 2051 544 2090 M3
575 2051 735 2091 exemptis
757 2050 823 2084 alii.
851 2069 887 2075 —
921 2053 975 2085 45.
1001 2061 1149 2093 quenque
1170 2053 1205 2086 M
1230 2070 1265 2075 —
1292 2052 1452 2085 lacescens
1473 2053 1508 2086 M
1534 2070 1567 2076 —
1595 2051 1648 2084 46.
1674 2051 1763 2084 ausit
1782 2060 1836 2094 pr.
1862 2052 1896 2086 M
1921 2069 1957 2075 —-

177 2107 229 2139 47.
254 2107 361 2139 cesari
382 2107 427 2139 M.

177 2206 295 2249 oleum]
318 2207 352 2239 Si
375 2205 494 2240 oleum
517 2207 655 2240 tantum
678 2207 807 2250 populo
827 2208 1042 2250 praebitum,

178 2257 260 2291 nihil
277 2265 408 2290 novum
425 2259 485 2289 aut
497 2258 762 2290 Graecanicum.
781 2258 946 2292 Praebuit
961 2261 1042 2291 ante

177 2310 214 2342 P.
240 2308 371 2350 Scipio,
403 2316 511 2349 quem
539 2307 690 2341 aedilem
713 2308 855 2342 dedisse
878 2310 1043 2350 congium

178 2357 245 2391 olei
278 2358 314 2390 in
347 2359 443 2390 vicos
476 2357 631 2399 singulos
661 2359 755 2391 Livio
786 2359 895 2392 credo
921 2360 983 2399 25,
1008 2360 1041 2392 2.

177 2407 282 2441 Dedit
297 2409 334 2440 et
350 2408 389 2440 C.
404 2408 536 2440 Caesar
551 2410 632 2449 post
644 2408 827 2441 victoriam
843 2409 1043 2442 Africanam

179 2458 253 2500 (Dio
276 2457 330 2497 43,
347 2457 423 2498 34);
449 2458 555 2490 etiam
579 2458 623 2490 M.
641 2458 793 2500 Agrippa
816 2459 852 2491 in
869 2458 1043 2491 aedilitate

178 2506 296 2540 oleum
330 2508 366 2539 et
399 2505 510 2539 salem
546 2507 621 2548 (Dio
644 2506 699 2547 49,
724 2507 790 2549 43).
839 2508 908 2540 Sed
936 2517 1043 2540 nemo

131 2593 135 2598 ,
178 2566 302 2590 eorum
318 2556 364 2589 ad
380 2556 620 2598 gymnasium,
642 2557 738 2598 quod
753 2557 811 2589 hic
825 2559 929 2590 Nero.
954 2557 1040 2591 Plin.

179 2607 233 2648 ⁴5,
251 2608 291 2640 5:
319 2607 418 2639 Usum
441 2606 502 2639 olei
518 2607 562 2638 ad
577 2606 753 2639 luxuriam
766 2610 894 2640 vertere
910 2607 1042 2649 Graeci,

178 2657 214 2689 in
235 2656 418 2698 aymnasiis
426 2655 638 2696 publicando.
666 2657 751 2688 Lirs.
777 2674 814 2680 —
841 2657 973 2690 Graeca
987 2658 1040 2699 sa-

158 2706 311 2749 ·cilitate]
333 2708 373 2739 ut
394 2706 654 2748 gymnasiarchi
671 2708 794 2740 Graeci
817 2706 933 2740 oleum
957 2707 1044 2740 ado-

177 2755 378 2789 lescentulis
405 2765 444 2790 se
469 2756 717 2790 exercentibus
748 2756 922 2799 praebere
951 2757 1045 2790 sole-

176 2807 279 2846 bant3
297 2805 400 2840 simul
412 2806 582 2848 significat
594 2815 614 2838 a
626 2808 765 2839 Nerone
778 2807 813 2840 in'
822 2807 890 2839 hoc
902 2816 1043 2849 quoque

178 2857 355 2890 abiectam
378 2865 458 2889 esse
482 2858 707 2889 severitatem
723 2858 926 2891 Romanam.
955 2859 1044 2891 «Ex-

178 2906 335 2949 emplum
358 2906 436 2940 talis
459 2908 612 2940 Graecae
636 2906 808 2941 facilitatis
837 2908 872 2941 in
895 2908 1043 2941 Seleuco

178 2957 340 2990 Nicatore
369 2956 474 2998 (apud
503 2957 693 2999 losephum
715 2959 755 2990 A.
781 2959 807 2990 l.
833 2958 892 2997 42,
926 2959 963 2998 3,
996 2958 1041 2999 4),

179 3007 239 3048 qui
274 3007 380 3038 etiam
409 3006 552 3040 Judaeis
579 3015 599 3038 a
624 3007 813 3048 praefectis
839 3008 1044 3048 gymnasio-

178 3065 259 3089 rum
292 3057 479 3098 pecuniam
514 3057 559 3089 ad
592 3056 709 3090 oleum
741 3058 934 3090 emendum
967 3058 1044 3091 dari

179 3106 313 3139 iussit.»
344 3106 424 3138 Em«.

221 3155 277 3188 48.
300 3156 335 3188 P.
359 3155 489 3197 Mario]
525 3154 647 3196 Celso,
684 3157 847 3189 curatore
871 3165 1042 3198 aquarum

180 3205 280 3238 annis
309 3214 344 3238 u.
377 3213 407 3237 c.
440 3205 641 3244 8l7-8l9,
677 3207 767 3238 teste
803 3206 966 3238 Frontino
998 3206 1043 3239 de

179 3255 337 3296 Aquaed.
352 3264 384 3289 c.
401 3256 475 3288 402.
493 3273 530 3278 -
544 3255 581 3288 L.
594 3255 717 3296 Asinio]
735 3255 841 3295 Gallo,
859 3258 898 3288 ut
913 3264 1045 3297 cogno—

180 3302 332 3338 minatur
354 3314 375 3338 a
398 3306 570 3347 scriptore
587 3306 676 3337 vitae
693 3306 812 3338 Persii.
834 3323 870 3330 -
887 3306 1046 3339 Antistius

176 3358 332 3396 praetor,
356 3364 452 3396 quem
467 3372 516 3379 --
529 3355 723 3397 memoravi]
747 3355 836 3387 Vide
860 3355 913 3395 43,
930 3356 984 3388 28.
1005 3374 1042 3381 -

182 3404 348 3439 Ostorium
379 3405 575 3448 Scapulam]
610 3406 671 3439 Est
698 3405 855 3446 Marcus,
889 3405 982 3439 filius
1004 3408 1042 3440 P.

1093 2210 1229 2249 Ostorii,
1247 2210 1444 2242 Britanniae
1462 2209 1710 2252 propraetoris.
1732 2208 1871 2241 Marcus
1887 2217 1962 2241 me-

1093 2263 1251 2293 moratur
1284 2261 1438 2302 primum
1474 2260 1528 2300 42,
1553 2260 1590 2292 34
1626 2260 1735 2298 extr.;
1771 2267 1791 2290 a
1821 2259 1960 2292 Nerone

1093 2311 1231 2343 occisus
1254 2312 1309 2343 est
1333 2310 1397 2352 (46,
1426 2310 1490 2350 45).
1510 2326 1546 2332 -
1574 2309 1766 2343 Cossutiano
1790 2307 1958 2352 Capitone]

1093 2361 1152 2402 qui
1188 2360 1256 2402 leye
1286 2360 1549 2401 repetundarum
1582 2360 1761 2392 damnatus
1793 2361 1870 2392 erat
1892 2360 1957 2402 (43,

1093 2410 1158 2449 33).
1189 2428 1225 2432 -
1252 2410 1413 2452 Tigillini]
1446 2409 1496 2442 Cf.
1523 2417 1554 2442 c.
1579 2410 1633 2442 54.
1667 2426 1702 2432 -
1731 2410 1961 2443 intercessione

1093 2459 1289 2502 tribunicia]
1321 2459 1575 2492 intercessione
1598 2459 1707 2501 ipsius
1731 2460 1893 2493 Caesaris
1916 2469 1959 2493 ex

1093 2509 1278 2542 tribunicia
1302 2510 1474 2551 potestate
1498 2509 1765 2550 imperatorum.
1784 2527 1820 2533 —
1845 2510 1961 2543 Iunius

1092 2559 1270 2601 Marullus]
1298 2558 1349 2592 Cf.
1375 2560 1484 2591 Inscr.
1510 2559 1583 2591 Lat.
1610 2567 1643 2591 n.
1669 2559 1775 2592 5725:
1813 2569 1855 2592 γι.
1879 2560 1955 2594 Kal.

1092 2610 1284 2642 Novembris
1319 2610 1358 2651 Q.
1384 2610 1478 2642 lunio
1505 2609 1653 2642 Marullo
1681 2619 1745 2643 cos.
1781 2628 1814 2633 —
1847 2611 1961 2643 consul

1094 2660 1292 2703 desiynatus]
1309 2661 1369 2702 qui
1384 2660 1519 2702 primus
1536 2660 1674 2693 censuit
1687 2668 1787 2693 more
1804 2662 1956 2694 vetusto.

1093 2710 1180 2742 Vide
1201 2709 1247 2742 ad
1269 2710 1302 2750 3,
1326 2710 1380 2742 22.
1405 2728 1441 2733 -
1466 2710 1717 2751 necandumque
1737 2719 1830 2743 more
1849 2711 1959 2743 maio-

1092 2760 1186 2802 rum]
1222 2762 1260 2792 ut
1290 2760 1375 2792 nudi
1405 2760 1558 2793 hominis
1593 2762 1711 2794 cervix
1740 2762 1958 2794 insereretur

1094 2811 1226 2850 furcae,
1252 2818 1381 2851 corpus
1398 2810 1503 2851 virgis
1526 2810 1572 2843 ad
1587 2819 1715 2844 necem
1732 2811 1954 2844 caederetur.

1093 2860 1236 2893 Sueten.
1251 2861 1334 2892 Ner.
1351 2858 1406 2892 49.
1424 2859 1475 2892 Cf.
1494 2861 1526 2900 2,
1545 2860 1598 2893 32.
1617 2878 1653 2884 -
1668 2862 1786 2893 Paetus
1803 2860 1954 2902 Thrasea]

1094 2909 1145 2942 Cf.
1165 2911 1217 2950 43,
1235 2909 1288 2942 49.
1305 2926 1340 2932 —
1359 2911 1548 2952 carnificem
1562 2913 1594 2943 et
1608 2911 1774 2953 laqueum]
1791 2910 1958 2944 Consulto

1092 2961 1161 2992 hoc
1192 2958 1402 3001 supplicium
1430 2962 1606 2993 memorat
1635 2960 1812 3003 aliquanto
1840 2962 1959 2993 mitius

1094 3018 1202 3050 quam
1224 3009 1308 3041 illud
1330 3018 1373 3042 ea:
1394 3018 1487 3042 more
1506 3011 1690 3051 maiorum,
1722 3010 1818 3052 quod
1840 3010 1960 3043 Iunius

1094 3058 1259 3092 Marullus
1282 3059 1500 3093 decreverat.
1528 3076 1564 3084 -
1587 3060 1738 3102 publicae
1757 3059 1958 3102 clementiae]

1094 3118 1200 3151 quam
1224 3110 1276 3142 rei
1299 3109 1461 3152 publicae
1485 3113 1626 3144 nomine
1658 3111 1823 3153 princeps
1847 3111 1883 3143 et
1904 3118 1960 3143 se-

1094 3161 1196 3193 natus
1220 3163 1397 3194 exercent.

1137 3209 1191 3242 49.
1216 3210 1386 3244 servitium
1408 3212 1554 3243 aliorum
1573 3210 1676 3252 rupit]
1701 3209 1847 3244 serviles
1873 3219 1958 3244 sen-

1093 3268 1173 3298 sus,
1197 3260 1357 3302 ingenuis
1380 3261 1558 3302 indignos,
1585 3261 1725 3293 exemit.
1753 3260 1804 3293 Cf.
1823 3261 1883 3300 45,
1901 3262 1955 3294 64.

1094 3309 1180 3342 Hist.
1205 3311 1237 3350 4,
1260 3311 1291 3342 4.
1311 3328 1346 3334 -
1371 3311 1411 3343 A.
1434 3310 1589 3351 Vitellius]
1613 3311 1673 3351 qui
1696 3311 1817 3351 postea
1841 3311 1957 3353 impe—

1093 3361 1189 3391 rator
1210 3359 1323 3394 factus
1346 3362 1410 3394 est.
1447 3360 1496 3393 Cf.
1523 3361 1578 3400 44,
1602 3359 1656 3392 23.
1682 3376 1718 3383 —-
1750 3361 1958 3401 respondenti

1091 3409 1239 3451 reticens]
1264 3409 1315 3444 Cf.
1340 3411 1411 3444 Liv.
1436 3407 1470 3451 3,
1492 3408 1550 3442 4⁴:
1575 3413 1750 3452 neqantem
1771 3418 1804 3444 se
1822 3412 1956 3452 privato
