2254 3770
747 305 902 349 LIBER
928 304 1011 349 XV.
1055 304 1156 362 Cap.
1186 304 1254 348 40.
1283 304 1351 348 44.
1868 303 1950 348 545

166 421 234 458 tae
264 413 388 458 latius
416 413 656 472 procidere.
702 412 884 471 plusque
920 410 1116 455 infamiae
1148 410 1188 454 id
1220 410 1463 455 incendium
1494 409 1657 462 habuit,
1697 410 1797 468 quia
1826 424 1952 468 prae-

165 489 247 533 diis
277 488 452 547 Tigillini
484 488 727 532 Aemilianis
764 494 1018 546 proruperat
1057 486 1367 544 videbaturque
1408 487 1520 530 Nero
1550 484 1801 530 condendae
1830 486 1950 529 urbis

165 578 302 608 novae
332 570 375 608 et
404 571 687 622 cognomento
713 577 793 606 suo
815 562 1094 620 appellandae
1115 561 1292 619 gloriam
1313 575 1538 620 quaerere.
1568 561 1730 620 quippe
1749 560 1791 603 in
1810 562 1951 619 regio-

163 653 241 683 nes
270 639 615 698 quattuordecim
646 641 777 683 Roma
807 637 1018 687 dividitur,
1050 650 1231 695 quarum
1263 644 1465 695 quattuor
1493 637 1682 694 integrae
1709 636 1947 688 manebant,

163 721 250 758 tres
280 714 373 758 solo
403 721 528 758 tenus
557 714 773 758 deiectae:
803 719 967 770 septem
999 711 1175 770 reliquis
1204 725 1342 770 pauca
1371 719 1582 756 tectorum
1599 712 1778 770 vestigia
1799 725 1982 770 super-5

163 796 300 842 erant,
331 789 474 833 lacera
505 795 547 833 et
576 795 775 833 semusta.
821 788 903 845 (44)
931 787 1135 832 domuum
1157 793 1200 831 et
1219 787 1453 831 insularum
1474 794 1517 832 et
1538 786 1806 846 templorum,
1837 801 1950 846 quae

163 865 319 909 amissa
354 871 452 909 sunt
518 878 743 907 numerum
780 863 888 906 inire
926 862 1039 906 haud
1073 869 1317 921 promptum
1355 862 1501 916 fuerit;
1547 863 1625 907 sed
1662 869 1991 908 vetustissima*

163 940 389 998 religione,
431 925 1147 999 quomnae,
1188 945 1231 982 et
1258 952 1412 996 magna
1441 952 1515 982 ara
1545 938 1794 996 fanumque,
1838 953 1950 998 quae

162 1017 375 1074 praesenti
407 1015 578 1059 Herculi
609 1017 740 1058 Arcas
762 1013 960 1058 Euander
985 1020 1246 1065 sacraverat,
1279 1013 1501 1072 aedesque
1522 1014 1700 1058 Statoris
1720 1015 1832 1059 lovis
1853 1021 1950 1059 vota

160 1090 340 1135 Romulo
370 1092 619 1149 Numaeque
650 1090 767 1148 regia
797 1097 840 1133 et
868 1088 1095 1133 delubrum
1124 1090 1276 1133 Vestae
1307 1102 1406 1133 cum
1435 1089 1661 1146 penatibus
1691 1090 1836 1148 populi
1866 1093 1999 1136 Ro-io

160 1167 272 1211 mani
303 1173 467 1210 exusta.
511 1166 594 1209 iam
625 1179 731 1223 opes
766 1172 826 1208 tot
855 1164 1044 1208 victoriis
1073 1165 1295 1222 quaesitae
1327 1171 1370 1208 et
1399 1164 1659 1209 Graecarum
1688 1166 1843 1209 artium
1873 1166 1949 1211 de-

160 1256 285 1294 cora3
316 1242 412 1285 exin
439 1247 712 1285 monumenta
732 1241 999 1298 ingeniorum
1019 1240 1193 1298 antiqua
1213 1247 1256 1284 et
1276 1240 1531 1298 incorrupta,
1555 1241 1750 1299 quamvis
1776 1242 1814 1284 in
1835 1249 1949 1286 tanta

159 1318 422 1375 resurgentis
453 1316 572 1360 urbis
601 1314 935 1373 pulchritudine,
971 1314 1102 1358 multa
1131 1315 1325 1359 seniores
1353 1316 1643 1368 meminerint,
1681 1330 1793 1374 quae
1823 1331 1949 1376 repa-

161 1392 245 1436 rari
275 1391 521 1450 nequibant.
566 1391 685 1434 fuere
715 1390 788 1448 qui
825 1389 1076 1433 adnotarent
1104 1391 1230 1434 XIIII.
1262 1391 1352 1434 Kal.
1384 1391 1565 1435 Sextiles
1601 1392 1854 1450 principium
1885 1393 1949 1436 in-

160 1467 301 1512 cendii
341 1467 466 1510 huius
496 1473 635 1510 ortum
666 1473 708 1509 et
735 1479 824 1524 quo
854 1465 1046 1509 Senones
1077 1472 1244 1524 captam
1274 1466 1424 1511 urbem
1465 1466 1831 1512 inflammaverint.
1877 1468 1946 1512 alii
1959 1478 1997 1509 ⁴5

224 1575 258 1608 2.
284 1574 420 1617 tiyillini
441 1573 495 1606 M:
523 1573 672 1615 Tiqellini
695 1572 809 1615 vulgo.
835 1573 922 1606 Vide
946 1573 990 1606 ad
1012 1582 1048 1616 p.
1074 1572 1150 1614 475,
1168 1574 1201 1607 7.
1221 1592 1257 1598 -
1282 1575 1318 1607 in
1340 1574 1533 1608 Aemilianis
1554 1575 1703 1618 Lipsius.
1722 1593 1758 1599 —
1784 1576 1948 1610 condenda

158 1632 192 1665 M
219 1650 253 1655 —
279 1629 312 1663 4.
338 1639 481 1671 quorum
503 1630 536 1663 M
561 1647 597 1652 —
623 1630 655 1662 5.
675 1630 818 1662 detectae
834 1628 1020 1663 Acidalius.
1041 1648 1076 1652 —
1103 1630 1135 1662 6.
1161 1634 1304 1664 semusta
1320 1632 1369 1664 M:
1395 1632 1552 1665 semiusta
1573 1630 1642 1666 alii.
1663 1650 1699 1655 —
1724 1630 1824 1665 domii
1847 1633 1881 1666 M
1908 1651 1943 1657 -

159 1688 191 1720 9.
216 1687 319 1721 erculi
342 1687 375 1720 M
400 1704 437 1710 —
463 1687 517 1718 44.
543 1686 688 1727 quesitae
709 1687 761 1724 M;
787 1687 955 1727 quaesitas
974 1686 1170 1720 Ernestius.
1198 1705 1230 1712 -
1259 1696 1439 1729 grecorum
1460 1689 1495 1722 M
1520 1706 1557 1712 -
1583 1688 1637 1722 43.
1660 1689 1870 1722 meminerint
1890 1690 1942 1723 M:

157 1745 377 1778 meminerant
399 1743 609 1782 Rhenanus;
634 1743 853 1775 meminerunt
875 1743 1038 1776 Ritterus.
1060 1759 1096 1766 -

1123 1743 1176 1777 44.
1201 1743 1302 1776 XIIII.
1327 1745 1379 1778 M:
1404 1747 1526 1786 quarto
1541 1745 1666 1779 decimo
1688 1744 1762 1785 alii;
1787 1749 1946 1787 quartum

158 1802 322 1834 decimum
343 1801 507 1833 Ritterus.
528 1817 564 1823 -
592 1799 644 1831 45.
669 1802 700 1832 et
721 1807 786 1840 quo
809 1799 859 1833 M:
884 1808 949 1842 quo
971 1803 1002 1832 et
1025 1800 1224 1833 Rhenanus.

158 1897 236 1929 vius
250 1894 305 1934 40,
320 1895 359 1926 2:
386 1896 558 1934 tempestas
568 1910 588 1916 -
597 1910 617 1916 -
628 1893 734 1934 forem
748 1901 793 1925 ea>
807 1894 887 1926 aede
900 1893 1027 1935 Lunae,

159 1954 246 1988 quae
265 1946 302 1977 in
323 1943 482 1977 Aventino
504 1946 568 1983 est,
597 1946 734 1984 raptam
762 1943 837 1975 tulit
857 1946 889 1975 et
909 1943 945 1975 in
963 1952 1028 1984 po-

157 1996 247 2029 sticis
258 1994 410 2036 partibus
420 1993 547 2027 Cereris
561 1994 671 2034 templi
682 1993 806 2035 affl-vit.
821 1993 919 2026 Ovid.
935 1994 1026 2027 Fast.

157 2046 191 2086 3,
208 2045 290 2079 883:
311 2046 420 2085 Luna,
436 2045 525 2087 regis
536 2052 678 2084 menses;
694 2044 793 2077 huius
807 2053 936 2085 quoque
950 2047 1029 2077 tem-

152 2105 242 2137 pora
262 2096 383 2128 mensis
398 2094 487 2127 Finit
500 2094 659 2127 Aventino
674 2094 770 2126 Luna
783 2095 921 2127 colenda
934 2094 1025 2136 iugo.

157 2146 196 2178 In
227 2154 270 2178 eo
299 2143 433 2187 templo
457 2145 494 2176 L.
519 2144 709 2177 Mummius
733 2153 777 2176 ex
801 2144 933 2186 praeda
957 2145 1027 2177 Co-

157 2195 326 2227 rinthiaca
358 2195 631 2227 consecraverat
660 2195 755 2227 artes
778 2195 930 2226 Graecas
955 2193 1027 2235 (Vi-

155 2246 247 2277 truv.
273 2245 306 2284 5,
330 2244 382 2284 5),
407 2252 496 2285 quas
526 2245 610 2276 tunc
631 2252 756 2276 omues
777 2244 915 2285 perisse
938 2252 1025 2276 con-

157 2295 367 2327 sentaneum
392 2296 457 2326 est.
493 2294 640 2326 «Lunae
663 2292 838 2335 templum
861 2302 880 2325 a
903 2294 1025 2326 Servio

156 2346 336 2378 sacratum
366 2352 446 2377 esse
476 2352 567 2377 unus
590 2344 730 2376 Tacitus
752 2345 918 2377 narravit.
953 2345 1025 2377 Ae-

157 2393 240 2426 dem
264 2394 396 2426 Dianae
422 2394 457 2426 in
481 2394 651 2426 Aventino
674 2394 785 2426 Servii
806 2403 916 2436 opera
939 2403 1026 2427 con-

155 2445 311 2477 stitutam
335 2451 416 2476 esse
440 2452 523 2476 cum
545 2442 696 2476 celebris
710 2443 803 2476 fama
819 2443 922 2476 fuerit
937 2445 1023 2486 (Liv.

158 2495 190 2535 4,
207 2494 262 2528 45.
286 2494 431 2536 Dionys.
450 2493 483 2534 4,
501 2493 573 2535 26),
599 2494 736 2527 Tacitus
751 2493 900 2527 fortasse
916 2494 1025 2528 infida

155 2543 402 2577 recordatione
432 2544 467 2577 in
498 2545 617 2577 Lunae
647 2543 819 2586 templum
849 2543 1026 2578 transtulit

155 2594 252 2637 quod
269 2593 314 2626 de
330 2593 411 2626 fano
428 2594 560 2627 Dianae
574 2593 742 2627 traditum
758 2595 868 2628 erat.»
889 2597 1022 2629 Rima.

157 2661 194 2667 -
227 2645 398 2685 praesenti
431 2643 563 2676 Herculi
595 2644 700 2676 Arcas
726 2644 905 2686 Euander]
936 2647 1041 2679 Rem-

156 2696 301 2727 narrant
329 2695 444 2727 Livius
469 2695 501 2734 4,
525 2695 558 2728 7.
594 2695 783 2736 Dionysius
810 2694 885 2728 Hal.
910 2697 942 2737 4,
967 2695 1022 2730 40.

156 2744 285 2777 Contra
309 2743 451 2777 Ovidius
475 2745 567 2777 Fast.
586 2745 618 2784 4,
635 2744 693 2777 584
722 2745 839 2787 ipsum
855 2744 923 2778 sibi
939 2745 1026 2778 Her-

155 2792 271 2826 culem
285 2794 490 2827 constituisse
503 2794 567 2834 ait,
592 2802 679 2834 quae
699 2795 886 2827 mamima
903 2795 1025 2828 dicitur

155 2852 232 2876 ara.
259 2842 311 2876 Cf.
330 2844 384 2883 42,
401 2843 455 2877 24.
483 2862 519 2867 -
543 2847 624 2877 vota
646 2844 793 2886 Romulo]
818 2844 868 2878 Cf.
894 2846 966 2878 Liv.
989 2846 1022 2885 4,

155 2893 209 2926 42.
235 2892 333 2925 ovid.
359 2893 449 2926 Fast.
474 2894 506 2934 6,
531 2893 606 2926 793.
636 2912 670 2917 -
699 2895 895 2935 Numaeque
915 2894 1022 2936 reyia]

155 2940 363 2975 Plutarchus
384 2943 488 2975 Num.
513 2942 574 2976 ⁴4·
602 2938 705 2976 Ἐπεὶ
727 2942 769 2976 δὲ
790 2941 1024 2987 διεκόσμησε

154 2988 224 3033 τὰς
247 2989 473 3051 ἱερωσύνας,
497 2992 676 3036 ἐδείματο
692 2992 855 3037 πλησίον
870 2992 939 3028 τοῦ
955 2991 1024 3037 τῆς

150 3037 302 3083 Ἑστίας
314 3040 417 3089 ἱεροῦ
428 3039 499 3086 τὴν
510 3042 751 3087 καλουμένην
758 3040 923 3088 Ρηγίαν,
938 3039 1023 3077 οἷόν

153 3100 191 3125 τι
211 3091 409 3132 βασίλειον
425 3091 592 3136 οἴκημα·
617 3094 683 3126 καὶ
701 3091 748 3126 τὸ
765 3093 943 3127 πλεῖστον
958 3089 1025 3127 αὖ·

155 3140 244 3175 τόθι
275 3140 345 3176 τοῦ
380 3139 524 3201 χρόνου
552 3141 748 3203 διέτριβεν
766 3141 970 3190 ἱερουργῶν
997 3155 1022 3186 η

155 3189 347 3225 διδάσκων
374 3189 465 3233 τοὺς
499 3192 611 3251 ἱερεῖς
631 3204 657 3236 η
681 3189 777 3238 πρὸς
798 3192 928 3237 ἐννοίᾳ
950 3193 1024 3226 τινὶ

154 3240 231 3274 τῶν
251 3242 368 3275 θείων
386 3239 481 3289 πρὸς
495 3239 638 3283 αὐτοὺς
653 3240 864 3284 σχολάζων.
890 3241 1023 3276 Οἰκίαν

154 3289 187 3323 δ’
215 3288 296 3331 εἶχε
323 3291 455 3351 ἑτέραν
484 3292 568 3350 περὶ
596 3289 665 3325 τὸν
695 3291 860 3350 Κυρίνου
883 3289 1021 3333 λόφον,

155 3332 204 3384 ἧς
230 3336 287 3374 ἔτι
315 3339 384 3375 νῦν
411 3338 479 3376 τὸν
501 3339 622 3375 τόπον
644 3338 956 3375 ἐπιδεικνύουσιν.
984 3359 1020 3364 -

156 3389 329 3423 delubrum
353 3391 477 3434 Vestae]
504 3392 627 3424 Festus
648 3389 1024 3433 p.262.u1·i11..1³o-

1078 1895 1304 1927 Romanorum
1319 1903 1527 1928 consecrasse
1539 1894 1682 1936 videtur,
1707 1896 1796 1936 quod
1807 1897 1945 1930 eandem

1077 1952 1144 1977 esse
1165 1948 1310 1985 terram,
1335 1953 1405 1985 qua
1423 1945 1497 1978 vita
1509 1945 1679 1978 hominum
1692 1949 1943 1988 sustentaretur,

1077 1994 1274 2027 crediderit:
1307 2003 1445 2035 eamque
1468 1994 1560 2035 pilae
1578 1995 1692 2037 forma
1712 2004 1794 2037 esse,
1827 2000 1866 2030 ut
1893 1998 1946 2030 sui

1076 2045 1177 2077 simili
1199 2044 1318 2086 templo
1340 2045 1404 2077 dea
1425 2045 1599 2078 coleretur.
1625 2045 1676 2078 Cf.
1703 2046 1845 2088 Dionys.
1866 2046 1942 2080 Hal.

1076 2095 1113 2135 2,
1140 2095 1195 2128 66.
1222 2094 1311 2128 Plut.
1335 2096 1440 2127 Num.
1467 2096 1520 2128 44.
1562 2096 1652 2129 Cum
1680 2097 1777 2137 regia
1806 2098 1943 2131 Numae

1076 2146 1231 2187 iungitur
1253 2146 1361 2178 etiam
1384 2144 1430 2177 ab
1453 2145 1595 2179 Horatio
1619 2146 1658 2179 C.
1684 2147 1716 2187 4,
1741 2147 1773 2188 2,
1793 2148 1852 2180 ⁴5:
1876 2157 1946 2181 me-

1073 2199 1233 2228 numenta
1252 2196 1342 2237 reyis
1362 2195 1548 2236 templaque
1572 2197 1694 2230 Vestae.
1721 2215 1757 2220 —
1789 2206 1865 2230 cum
1883 2207 1945 2239 pe-

1072 2246 1205 2279 natibus
1222 2246 1338 2287 populi
1352 2245 1503 2287 Romani]
1527 2246 1550 2279 i.
1568 2255 1600 2279 e.
1620 2255 1701 2280 cum
1725 2246 1814 2280 aede
1837 2256 1946 2290 pena-

1074 2297 1162 2330 tium
1177 2305 1213 2339 p.
1233 2297 1285 2333 R„
1304 2303 1395 2337 quae
1410 2295 1447 2327 in
1462 2294 1559 2328 Velia
1576 2297 1641 2329 sita
1658 2298 1745 2330 erat.
1764 2297 1814 2330 Cf.
1832 2298 1944 2331 Varro

1075 2348 1111 2380 L.
1136 2348 1175 2379 L.
1192 2347 1213 2379 5
1235 2345 1254 2387 5
1273 2345 1327 2378 54.
1361 2345 1432 2378 Liv.
1450 2344 1505 2386 45,
1523 2346 1577 2379 46.
1607 2347 1751 2389 Dionys.
1776 2346 1885 2381 Halic.
1910 2348 1943 2390 4,

1076 2397 1130 2430 68.
1150 2414 1185 2420 -
1204 2397 1275 2429 iam
1297 2404 1374 2437 opes
1386 2414 1407 2421 -
1419 2415 1439 2421 -
1452 2396 1590 2439 decora]
1615 2396 1689 2430 scil.
1709 2399 1831 2431 exusta
1848 2399 1942 2431 sunt.

1075 2446 1283 2480 Graecarum
1313 2447 1440 2480 artium
1462 2447 1583 2479 decora
1605 2448 1687 2479 sunt
1710 2448 1864 2488 statuae,
1889 2448 1946 2480 ta-

1073 2495 1195 2538 bulae,
1222 2505 1305 2530 aera
1330 2498 1546 2530 Graecorum
1567 2498 1753 2530 artificum.
1775 2516 1811 2522 —
1830 2507 1946 2531 monu-

1073 2550 1185 2580 menta
1205 2547 1426 2590 ingeniorum]
1449 2546 1570 2587 libros,
1596 2548 1655 2590 qui
1672 2548 1706 2580 in
1721 2547 1944 2582 bibliothecis

1074 2598 1219 2640 privatis
1242 2598 1303 2629 aut
1325 2596 1475 2639 publicis
1493 2598 1714 2631 interierunt.
1732 2616 1775 2622 -
1790 2598 1943 2641 antiqua]

1074 2656 1166 2689 quae
1196 2646 1345 2689 proinde
1373 2647 1546 2680 maiorem
1573 2646 1682 2680 fidem
1714 2647 1945 2681 merebantur

1074 2705 1182 2738 quam
1206 2697 1368 2739 exempla
1390 2697 1610 2737 recentiora,
1636 2705 1679 2730 ex
1701 2696 1767 2730 illis
1789 2697 1944 2740 plerum-

1074 2754 1145 2787 que
1175 2747 1260 2779 satis
1290 2745 1508 2788 negligenter
1537 2746 1727 2789 descripta.
1760 2764 1797 2770 —
1830 2748 1944 2780 incor-

1072 2795 1184 2838 rupta]
1209 2795 1388 2835 nondum,
1419 2797 1459 2828 ut
1481 2797 1566 2829 tunc
1587 2796 1715 2837 fiebat,
1747 2796 1829 2830 hinc
1859 2797 1941 2830 inde

1072 2843 1280 2887 interpolata
1302 2844 1359 2878 vel
1381 2845 1488 2878 etiam
1510 2844 1680 2878 breviata.
1701 2863 1738 2868 —
1761 2846 1869 2878 multa
1889 2854 1943 2879 se-

1072 2896 1182 2928 niores
1201 2894 1422 2936 meminerint]
1451 2894 1486 2927 id
1510 2895 1566 2928 est
1587 2894 1713 2928 «facile
1736 2896 1941 2929 meminisse

1074 2946 1255 2987 possunt».
1279 2944 1446 2984 seniores,
1465 2953 1619 2986 quorum
1635 2946 1876 2978 testimonium
1891 2946 1942 2978 in-

1072 2994 1215 3027 terdum
1237 2993 1387 3026 advocat
1408 2995 1568 3034 Tacitus,
1602 2997 1684 3028 sunt
1714 2995 1854 3027 circiter
1881 3003 1941 3027 se-

1072 3044 1289 3087 ptuagenarii
1325 3045 1361 3077 et
1394 3044 1631 3085 octogenarii,
1666 3045 1726 3086 qui
1756 3053 1839 3077 sane
1863 3052 1942 3077 me-

1073 3095 1222 3126 moriam
1252 3091 1343 3126 illius
1371 3093 1524 3126 incendii
1552 3092 1815 3126 conservabant
1843 3095 1938 3135 tunc,

1073 3152 1154 3177 cum
1167 3142 1319 3176 Annales
1330 3142 1505 3176 scriberet
1518 3145 1579 3176 aut
1591 3144 1687 3176 certe
1700 3144 1938 3185 praepararet.

1077 3210 1111 3216 —
1138 3201 1225 3234 quae
1245 3193 1403 3234 reparari
1429 3192 1619 3235 nequibant]
1651 3191 1806 3233 Intellige
1830 3193 1940 3235 potis-

1072 3242 1203 3275 simum
1231 3241 1277 3275 de
1304 3241 1439 3275 artibus
1467 3241 1627 3281 Graecis,
1661 3250 1878 3283 quamquam
1904 3244 1941 3276 et

1073 3293 1283 3334 scriptorum
1306 3292 1441 3334 aliquot
1462 3290 1553 3331 libri,
1577 3299 1729 3332 quorum
1752 3300 1862 3325 unum
1883 3291 1939 3325 vel

1072 3350 1185 3384 pauca
1197 3342 1379 3376 dumtaxat
1390 3340 1575 3375 exstabant
1587 3340 1813 3382 exemplaria,
1822 3342 1940 3384 perire

1071 3393 1246 3435 poterant.
1267 3411 1302 3417 -
1317 3396 1348 3426 et
1361 3401 1427 3432 quo
1439 3390 1523 3433 cet.]
1539 3391 1562 3423 i.
1581 3399 1613 3423 e.
1630 3395 1662 3423 et
1677 3389 1776 3431 illius,
1791 3399 1857 3432 quo
1868 3394 1937 3425 cet.

155 3440 296 3473 tunam
329 3441 443 3475 aedom
474 3441 587 3476 Vestae
613 3441 728 3475 Numa
757 3440 935 3483 Pompilius
960 3449 1025 3475 rex
1074 3440 1941 3483 cr.2‚28:utsattstestiumetqetsorvtoadom
