2254 3770
772 286 929 331 LIBER
956 286 1027 330 III.
1085 285 1187 343 Cap.
1216 285 1284 329 37.
1313 285 1381 328 38.
1410 284 1478 328 39.
1918 280 2000 325 475

218 397 416 443 Caesium
445 394 650 446 Cordum,
688 407 767 453 pro
803 392 979 437 consule
1010 392 1180 441 Cretae,
1220 391 1510 449 postulaverat
1546 389 1814 448 repetundis,
1855 387 2000 432 addito

215 471 448 516 maiestatis
477 470 666 518 crimine,
698 469 813 528 quod
844 475 933 512 tum
958 467 1148 512 omnium
1177 468 1498 511 accusationum
1519 464 1876 523 complementum
1897 469 1999 506 erat.

217 548 375 592 Caesar
401 546 626 589 Antistium
653 546 860 594 Veterem,
893 560 916 588 e
946 542 1205 601 primoribus
1226 542 1513 591 Macedoniae,
1545 540 1787 586 absolutum
1807 537 2002 582 adulterii

214 621 431 680 increpitis
461 620 675 664 iudicibus
704 619 760 664 ad
783 618 1011 663 dicendam
1039 617 1273 662 maiestatis
1295 631 1469 661 causam
1498 617 1681 667 retraxit,
1711 622 1759 659 ut
1786 614 2004 658 turbidum

215 704 259 742 et
276 695 610 754 Rhescuporidis
631 694 819 739 consiliis
840 694 1106 752 permixtum,
1138 706 1224 751 qua
1243 699 1496 750 tempestate
1517 693 1651 752 Cotye
1685 690 1841 749 [fratre]
1873 690 1997 733 inter·
2016 698 2035 727 5

215 772 327 817 secto
357 771 518 816 bellum
547 770 757 815 adversus
787 783 866 813 nos
897 768 1098 813 volverat.
1130 768 1256 826 igitur
1285 781 1399 826 aqua
1429 774 1471 811 et
1499 768 1584 825 igni
1613 766 1886 811 interdictum
1913 779 2002 814 reo,

215 847 545 906 adpositumque
580 852 628 889 ut
662 851 881 890 teneretur
916 844 1055 888 insula
1093 857 1236 902 neque
1274 843 1551 894 Macedoniae
1590 855 1731 901 neque
1775 841 2005 885 Thraeciae

217 929 469 981 opportuna.
515 935 612 966 nam
654 920 858 965 Thraecia
896 919 1034 964 diviso
1078 919 1258 977 imperio
1302 919 1347 962 in
1391 918 1717 963 Rhoemetalcen
1761 924 1804 962 et
1846 917 2004 961 liberos

219 999 378 1057 Cotyis,
409 998 506 1056 quis
536 997 592 1040 ob
620 996 838 1040 infantiam
865 1002 978 1039 tutor
1007 1001 1098 1039 erat
1126 993 1418 1038 Trebellienus
1445 994 1587 1045 Rufus,
1618 993 1844 1038 insolentia
1872 993 2005 1037 nostri

217 1073 383 1117 discors
412 1072 566 1130 agebat
597 1085 741 1130 neque
776 1071 918 1114 minus
947 1069 1274 1115 Rhoemetalcen
1304 1083 1435 1128 quam
1464 1068 1777 1113 Trebellienum
1806 1069 2005 1113 incusans
2019 1075 2055 1105 ⁴⁰

215 1148 489 1207 popularium
517 1147 691 1191 iniurias
721 1146 876 1190 inultas
906 1146 1060 1189 sinere.
1094 1145 1335 1190 Coelaletae
1357 1144 1642 1202 Odrusaeque
1664 1151 1707 1188 et
1727 1144 1807 1194 Dii,
1838 1144 2006 1188 validae

215 1224 422 1275 nationes,
454 1237 571 1268 arma
603 1236 772 1281 cepere,
804 1221 986 1266 ducibus
1016 1221 1198 1265 diversis
1218 1227 1261 1265 et
1287 1219 1462 1278 paribus
1490 1220 1600 1264 inter
1628 1234 1676 1264 se
1706 1234 1784 1278 per
1811 1219 2008 1277 ignobili-

214 1306 366 1352 tatem;
406 1310 524 1357 quae·
557 1312 688 1343 causa
723 1297 799 1341 fuit
833 1311 890 1341 ne
924 1297 968 1340 in
1005 1295 1166 1341 bellum
1204 1302 1324 1340 atrox
1362 1295 1667 1340 coalescerent.
1706 1309 1807 1353 pars
1837 1294 2008 1339 turbant

214 1375 472 1433 praesentia,
511 1373 581 1418 alii
619 1380 809 1417 montem
845 1373 1056 1417 Haemum
1096 1371 1467 1430 transgrediuntur
1507 1377 1555 1414 ut
1596 1376 1784 1415 remotos
1823 1369 2006 1428 populos

217 1451 452 1503 concirent;
482 1449 654 1508 plurimi
682 1463 734 1493 ac
761 1448 943 1492 maxime
964 1447 1188 1505 compositi
1218 1460 1366 1505 regem
1395 1446 1636 1504 urbemque
1663 1445 2005 1504 Philippopolim,
2020 1452 2056 1481 ⁴5

218 1539 245 1570 a
273 1525 507 1570 Macedone
536 1524 732 1582 Philippo
762 1524 897 1575 sitam,
930 1522 1248 1567 circumsidunt.
1290 1522 1371 1579 (39)
1402 1536 1515 1580 quae
1543 1521 1619 1565 ubi
1649 1522 1816 1579 cognita
1844 1523 1891 1566 P.
1911 1522 2008 1567 Vel-

217 1600 313 1646 laeo
344 1601 395 1658 (is
425 1600 664 1659 proximum
685 1599 919 1643 exercitum
946 1598 1247 1656 praesidebat),
1280 1597 1434 1642 alarios
1454 1597 1622 1656 equites
1651 1611 1703 1642 ac
1726 1596 1834 1641 levis
1855 1597 2009 1642 cohor-

259 1741 291 1774 4.
316 1741 466 1774 cordium
486 1749 542 1783 pr.
559 1741 594 1774 M
620 1758 655 1764 —
681 1740 712 1773 3.
737 1739 895 1772 aeter-ime
916 1738 999 1781 (non
1012 1737 1199 1779 aeter-rime)
1219 1737 1424 1779 primoribus
1445 1738 1480 1771 M
1494 1756 1538 1762 —
1560 1738 1593 1771 5.
1616 1736 1728 1778 fratre
1750 1738 1910 1779 spurium
1927 1745 2007 1770 esse

215 1795 303 1830 vidit
322 1797 516 1830 Ernestius.
537 1814 574 1820 -
599 1797 632 1828 7.
657 1795 799 1828 threciae
821 1795 872 1835 M,
898 1794 963 1828 sed
986 1802 1070 1827 mox
1092 1794 1251 1826 thraecia.
1270 1810 1306 1818 -
1332 1794 1364 1827 8.
1380 1793 1499 1826 diuisio
1521 1802 1575 1835 pr.
1593 1794 1627 1826 M
1653 1811 1689 1817 —
1716 1793 1748 1826 9.
1772 1794 1896 1834 cothyis
1917 1794 1951 1827 M
1968 1811 2005 1818 —

217 1853 270 1886 44.
295 1852 477 1886 Coelaletae
498 1853 548 1885 M:
574 1851 720 1885 Coeletae
741 1851 907 1892 Ryckius.
939 1850 990 1883 Cf.
1014 1859 1089 1883 var.
1114 1849 1194 1883 lect.
1221 1850 1268 1883 ad
1290 1849 1375 1883 Plin.
1400 1851 1441 1883 N.
1460 1850 1501 1883 H.
1519 1848 1557 1890 4,
1582 1848 1674 1891 ἓ44.
1703 1867 1739 1873 -
1764 1851 1824 1883 Dii
1846 1851 2006 1892 Lipsius:

216 1908 277 1942 alii
298 1909 332 1944 M
355 1926 392 1933 -
418 1909 473 1942 45.
496 1909 669 1941 maximae
690 1909 725 1942 M
750 1926 787 1932 —
811 1907 926 1941 arbem
949 1908 1007 1950 qui
1023 1908 1172 1949 philippo
1187 1908 1296 1949 polim
1317 1908 1363 1942 M.

218 2035 303 2060 eum
334 2036 416 2060 cum
442 2026 709 2068 Rhescuporide
733 2026 973 2068 conspirasse.
1014 2026 1089 2065 Quo

218 2079 337 2111 minus
360 2079 513 2111 statuam
536 2077 642 2110 fuisse
669 2077 919 2116 Macedonem,
951 2077 1011 2118 qui
1034 2075 1090 2109 vel

1139 2025 1208 2067 Dii]
1223 2024 1343 2068 populi
1358 2026 1449 2058 inter
1464 2026 1637 2059 Haemum
1654 2026 1690 2059 et
1704 2025 1897 2068 Rhodopen
1910 2034 2010 2061 mon-

1140 2076 1206 2108 tes.
1232 2077 1405 2109 Memorat
1432 2074 1654 2109 Ptolemaeus
1683 2075 1720 2114 3,
1747 2076 1800 2114 44,
1826 2076 1846 2108 9
1868 2075 2010 2119 Κοίλη-

218 2128 295 2170 ipse
318 2126 374 2160 vel
398 2128 498 2160 cuius
521 2127 593 2160 iam
615 2128 717 2169 pater
739 2136 804 2169 per
826 2127 1011 2159 Antistium
1032 2125 1092 2159 ali-
1139 2123 1250 2168 τικὴν
1273 2127 1514 2172 στρατηγίαν.
1556 2125 1684 2159 Plinius
1708 2127 1748 2158 N.
1773 2126 1815 2159 H.
1840 2126 1879 2167 4,
1905 2127 1924 2169 S
1947 2127 2007 2161 44:

218 2185 328 2219 quem
348 2177 535 2218 Veterem,
559 2176 667 2210 veluti
691 2175 874 2210 consulem
898 2185 930 2208 a.
949 2176 1012 2209 724
1031 2178 1092 2208 aut

218 2226 370 2260 alterum
385 2235 417 2259 a.
435 2226 511 2267 748,
537 2227 714 2260 civitatem
730 2227 924 2259 Romanam
940 2225 1090 2268 adeptus

217 2277 263 2310 sit
284 2285 326 2309 ac
348 2277 486 2319 patroni
505 2285 636 2309 nomen
655 2277 836 2315 asciverit,
860 2275 943 2309 facit
958 2285 1091 2318 cogno-

217 2335 303 2359 men
329 2327 443 2366 Vetu33
469 2335 551 2359 nam
574 2325 708 2359 liberae
733 2328 830 2359 certe
854 2327 906 2358 rei
927 2325 1090 2368 publicae

218 2377 379 2418 tempore
402 2377 543 2409 civitate
559 2375 678 2409 donati
698 2375 930 2409 assumebant
945 2375 1091 2416 quidem

218 2425 346 2468 gentile
370 2426 464 2466 eius,
491 2426 592 2459 cuius
614 2425 790 2459 beneficio
813 2424 909 2459 illam
932 2425 1092 2458 obtinue-

217 2476 316 2516 rant,
354 2474 419 2508 sed
453 2475 639 2517 pristinum
671 2484 804 2508 nomen
832 2476 1008 2508 Graecum
1034 2474 1091 2508 vel

220 2524 415 2558 barbarum
438 2534 503 2567 pro
527 2526 735 2567 cognomine
752 2525 972 2566 retinebant,
996 2524 1090 2558 unde

217 2575 255 2608 in
281 2574 569 2618 inscriptionibus
592 2577 643 2608 tot
666 2574 837 2616 Cornelii,
868 2574 965 2615 iulii,
990 2576 1093 2608 Pom-

220 2625 291 2668 peii
322 2633 403 2658 cum
435 2624 702 2667 cognominibus
733 2624 940 2666 peregrinis.
969 2642 1006 2649 —
1035 2634 1093 2658 re-

220 2675 352 2718 traxit]
383 2676 497 2716 coegit
528 2674 681 2715 iudices,
706 2675 745 2707 ut
767 2674 885 2707 denuo
909 2674 953 2707 de
981 2675 1093 2708 maie—

226 2726 326 2759 statis
354 2733 462 2758 eausa
488 2725 523 2758 in
546 2725 733 2758 Antistium
761 2725 1026 2766 cognoscerent.
1053 2742 1089 2748 -

222 2774 330 2818 Cotye]
356 2775 629 2817 Rhescuporidis
655 2783 727 2807 non
745 2775 871 2816 fratre,
897 2774 961 2808 sed
974 2775 1094 2817 fratris

217 2826 299 2868 filio.
336 2825 387 2858 ef.
412 2825 451 2864 2,
477 2824 519 2858 64
549 2826 585 2858 et
610 2823 729 2858 Vellei.
754 2825 793 2865 2,
819 2825 895 2858 429.
922 2843 958 2849 -
990 2834 1094 2866 neque

219 2876 269 2909 M.
285 2883 392 2917 neque
415 2875 488 2908 Thr.
507 2876 706 2917 opportuna]
729 2875 764 2908 in
781 2883 888 2916 quam
906 2884 949 2908 ex
968 2877 1092 2908 neutra

220 2925 315 2957 terra
330 2923 480 2965 navibus
495 2925 670 2966 perveniri
687 2923 786 2957 facile
804 2925 936 2967 posset.
962 2924 1090 2957 Danau.

224 2991 260 2998 —
279 2973 384 3006 diviso
405 2973 556 3016 imperio]
582 2973 633 3007 Cf.
651 2974 684 3012 2,
703 2973 757 3007 64.
778 2991 814 2996 -
833 2973 1090 3016 Rhoemetalcen]

222 3022 274 3056 Cf.
299 3023 338 3063 2,
363 3023 417 3056 67.
445 3040 482 3046 -
517 3023 636 3056 liberos
665 3023 790 3066 Cotyis]
827 3031 979 3065 quorum
1008 3025 1092 3056 natu

221 3072 395 3112 maximo,
421 3072 506 3105 item
522 3073 642 3114 Cotyi,
667 3075 791 3115 postea
807 3081 839 3105 a.
858 3072 915 3104 794
939 3071 1093 3113 Caligula

221 3118 292 3164 τήν
324 3130 366 3154 τε
396 3116 590 3167 Ἀρμενίαν
626 3118 698 3165 τὴν
735 3121 989 3168 σμικροτέραν
1025 3121 1092 3154 καὶ

221 3167 319 3214 μετὰ
341 3169 457 3204 τοῦτο
479 3171 545 3204 καὶ
566 3169 635 3214 τῆς
653 3166 830 3218 Ἀραβίας
850 3167 953 3210 τινά,
978 3168 1029 3214 τῷ
1052 3180 1093 3204 τε

217 3217 458 3269 Ῥυμητάλκῃ
495 3217 544 3254 τὰ
580 3219 649 3254 τοῦ
687 3218 836 3262 Κότυος
869 3220 1090 3267 ἐχαρίσατο.

221 3271 287 3304 Dio
310 3271 365 3312 59,
383 3272 437 3304 42.
458 3289 494 3295 -
519 3270 693 3303 insolentia
713 3270 829 3311 nostri]
852 3270 888 3302 id
912 3271 984 3310 est,
1010 3271 1091 3312 quia

1141 2175 1323 2208 Coelaletae
1343 2177 1488 2208 maiores
1507 2176 1650 2216 Haemo,
1675 2176 1818 2209 minores
1837 2177 2012 2218 Rhodopae

1138 2226 1272 2258 subditi.
1306 2226 1462 2259 Odrusae
1487 2227 1629 2259 Graecis
1651 2222 1932 2272 ευῃῐὈδρύσαι.
1956 2228 2011 2260 Dii

1140 2275 1281 2308 fuerunt
1311 2276 1465 2309 Thraces
1493 2277 1662 2308 montani.
1698 2277 1857 2318 Thucyd.
1882 2278 1922 2317 2,
1947 2278 2008 2311 96:

1139 2323 1353 2371 Παρεκάλει
1385 2324 1426 2358 δὲ
1458 2326 1525 2358 καὶ
1558 2324 1634 2358 τῶν
1665 2322 1821 2373 ὀρεινῶν
1851 2326 2011 2372 Θρᾳκῶν

1141 2373 1322 2417 πολλούς,
1359 2376 1398 2408 οἳ
1426 2374 1511 2409 Δῖοι
1533 2374 1757 2418 καλοῦνται,
1793 2374 1863 2421 τὴν
1881 2374 2011 2411 Ῥοδό-

1141 2435 1218 2468 πην
1236 2425 1277 2458 οἱ
1294 2424 1466 2459 πλεῖστοι
1481 2425 1687 2468 οἰκοῦντες,
1698 2446 1735 2450 -
1750 2428 1896 2471 turbant]
1910 2438 2012 2471 prae-

1142 2475 1353 2509 dationibus.
1381 2494 1417 2500 -
1442 2477 1653 2519 praesentia]
1686 2477 1748 2510 ubi
1778 2479 1844 2520 ipsi
1871 2478 2012 2512 habita-

1142 2525 1244 2565 bant;
1274 2528 1500 2568 opponuntur
1520 2527 1639 2559 remoti
1658 2528 1784 2569 populi.
1813 2544 1848 2552 —
1882 2529 2009 2572 reyem]

1141 2575 1427 2609 Rhoemetalcen.
1448 2593 1484 2598 —
1500 2577 1760 2619 Philippopolim]
1785 2577 1910 2611 Strabo
1926 2579 1958 2619 7,
1976 2579 2008 2619 6,

1141 2626 1162 2658 2
1186 2626 1240 2668 (p.
1266 2626 1363 2665 320)·.
1395 2622 1622 2670 Ὑπέρκειται
1646 2625 1688 2660 δὲ
1709 2625 1778 2660 τοῦ
1801 2627 2010 2670 Βυζαντίου

1141 2671 1187 2708 τὸ
1221 2673 1297 2707 τῶν
1314 2670 1453 2708 Ἄστῶν
1474 2673 1606 2718 ἔθνος,
1633 2676 1674 2710 ἐν
1697 2670 1727 2721 ᾧ
1751 2674 1859 2719 πόλις
1884 2676 2011 2712 Καλύ-

1141 2723 1215 2768 βη,
1251 2723 1437 2759 Φιλίππου
1470 2724 1539 2760 τοῦ
1566 2721 1749 2770 Ἀμύντου
1778 2725 1870 2770 τοὺς
1892 2738 2012 2771 πονη-

1142 2772 1328 2821 ροτάτους
1359 2773 1527 2809 ἐνταῦθα
1555 2774 1791 2823 ἱδρύσαντος.
1831 2779 1919 2811 Hinc
1947 2787 2013 2820 per

1143 2824 1392 2858 contumeliam
1407 2825 1601 2859 vocabatur
1614 2828 1719 2860 etiam
1731 2825 2010 2874 Πονηρόπολις,

1142 2872 1297 2907 Δούλων
1326 2872 1454 2916 πόλις,
1487 2877 1522 2908 et
1550 2885 1570 2908 a
1597 2877 1666 2910 situ
1689 2878 1724 2910 in
1747 2877 1860 2911 tribus
1883 2879 2012 2911 montis

1142 2924 1386 2958 cacuminibus
1417 2925 1512 2967 apud
1546 2927 1686 2960 Latinos
1717 2928 1824 2960 etiam
1851 2927 2013 2960 Trimon-

1143 2974 1249 3013 tium,
1275 2973 1381 3007 hodie
1405 2975 1513 3008 etiam
1528 2984 1622 3009 nunc
1636 2977 1851 3018 Philippopoli
1865 2975 1921 3009 vel
1937 2984 2013 3010 cor-

1141 3026 1244 3065 rupte
1267 3023 1385 3057 Felibe.

1185 3072 1238 3104 39.
1262 3073 1292 3104 is
1308 3073 1505 3114 proximum
1520 3075 1602 3118 cet.]
1620 3076 1787 3109 Praeerat
1802 3075 1905 3116 igitur
1918 3076 2013 3110 Moe-

1141 3121 1214 3154 siae
1246 3123 1328 3164 post
1349 3124 1581 3166 Pomponium
1604 3124 1778 3158 Flaccum.
1815 3124 1866 3158 Cf.
1891 3126 1929 3166 2,
1955 3126 2010 3160 66.

1143 3187 1179 3194 -
1209 3173 1392 3205 exercitam
1417 3174 1646 3216 praesidebat]
1684 3174 1818 3207 Eadem
1848 3177 2013 3208 constru-

1142 3220 1257 3253 ctione
1292 3223 1400 3255 utitur
1434 3223 1493 3263 42,
1525 3223 1566 3257 44
1595 3225 1630 3256 et
1657 3223 1711 3255 29.
1747 3222 1817 3256 Sed
1849 3225 2012 3258 eaeercilai

1137 3271 1330 3311 praesidere
1352 3272 1435 3305 dicit
1458 3273 1490 3312 4,
1511 3274 1572 3311 58;
1598 3272 1777 3314 leyionibus
1799 3273 1887 3307 nist.
1903 3273 1936 3315 4,
1954 3274 2009 3309 74.

222 3320 372 3363 imperio
394 3322 551 3355 Romano
575 3319 734 3353 nondum
759 3321 1000 3353 assueverant.
1038 3320 1088 3353 Cf.
1144 3337 1180 3343 —
1205 3321 1332 3354 alarios
1358 3322 1498 3364 equites]
1530 3323 1571 3354 Hi
1598 3323 1823 3363 opponuntur
1844 3324 2011 3358 Romanis

224 3368 258 3409 6,
282 3369 346 3403 34:
366 3370 642 3404 contumeliarum
663 3369 845 3402 insolentes.
871 3369 957 3402 nist.
977 3369 1010 3409 3,
1027 3369 1088 3402 53:
1141 3370 1215 3404 sive
1245 3370 1445 3414 legionariis
1476 3369 1652 3412 equitibus
1681 3380 1701 3404 a
1732 3372 1828 3405 Livio
1850 3372 1912 3414 40,
1944 3373 2007 3407 40:

225 3415 370 3461 obseqwii
388 3420 539 3455 insolens.
559 3435 595 3444 —
621 3418 804 3454 Coelaletae
826 3419 1038 3461 Odrusaeque
1059 3420 1091 3453 el
1140 3419 1244 3454 alar-ii
1265 3422 1408 3463 equites,
1429 3423 1606 3463 postquam
1619 3420 1847 3456 Romanorum
1864 3423 2012 3465 equum
