2254 3770
342 303 425 346 590
777 308 1149 354 MONUMENTUM
1177 310 1498 356 ANCYRANUM
1527 313 1728 358 LATINE.

396 418 542 455 senatu
566 413 796 470 populoque
826 415 1026 468 RomanO,
1057 416 1182 472 quod,
1214 411 1467 475 quamquam
1496 419 1691 477 dignitate
1720 422 1904 466 omnibus

393 495 669 544 praestarem,
696 495 938 546 potestatem
967 497 1104 534 tamen
1133 492 1259 536 nihilo
1289 493 1535 551 ampliorem
1561 495 1753 540 haberem

395 575 520 620 quam
550 564 752 622 conleqae
779 566 870 609 mei.

282 1035 319 1067 25
336 1018 514 1061 Tertium
543 1017 754 1061 decimum
783 1018 1049 1062 consulatum
1076 1033 1141 1062 me
1170 1026 1332 1077 yerente
1359 1027 1527 1064 senatus
1555 1028 1594 1064 et
1622 1028 1810 1079 equester
1838 1023 1946 1068 ordo

389 1093 651 1152 populusque
682 1095 894 1137 Romanus
924 1094 1153 1138 universus
1181 1109 1247 1138 me
1274 1095 1497 1154 appellavit
1518 1103 1687 1154 patrem
1708 1098 1898 1155 patriae,
1936 1098 2068 1158 idque

390 1169 431 1211 in
457 1169 665 1213 vestibulo
696 1169 870 1213 aedium
897 1183 1089 1213 mearum
1119 1170 1440 1215 inscribendum
1466 1173 1618 1216 censuit
1646 1180 1684 1216 et
1711 1174 1755 1216 in
1775 1175 1891 1218 curia
1911 1181 1950 1219 et
1969 1175 2011 1218 in
2032 1175 2122 1220 foro

540 1236 542 1238 ¹
1650 1250 1791 1306 Augu-

385 1327 447 1364 sto
475 1320 550 1364 sub
581 1320 813 1379 quadriais,
846 1335 958 1379 quae
988 1320 1089 1364 mihi
1122 1336 1176 1364 ea>
1201 1322 1247 1365 S.
1272 1322 1316 1366 C.
1345 1323 1506 1380 positae
1533 1330 1641 1367 sunt.
1686 1324 1844 1383 Scripsi
1877 1324 2000 1377 haec,
2032 1340 2125 1370 cum

384 1411 542 1440 annum
572 1411 742 1455 agerem
771 1397 1159 1455 septuagensimum
1185 1404 1361 1441 seaetum.

328 1549 503 1591 Summa
533 1548 762 1607 pecuniae,
794 1562 924 1606 quam
953 1547 1072 1592 dedit
1098 1549 1142 1592 in
1170 1549 1382 1592 aerarium
1410 1548 1474 1592 vel
1494 1549 1650 1607 populo
1679 1550 1866 1594 Romano
1893 1551 1958 1595 vel
1984 1551 2047 1595 di-

275 1643 313 1674 30
381 1624 519 1668 missis
549 1623 771 1677 militibus,
804 1624 1025 1668 denarium
1057 1625 1240 1668 semsiens
1267 1624 1442 1668 milliens
1468 1624 1559 1682 fuit.

325 1776 470 1834 Opera
498 1775 598 1820 fecit
625 1790 754 1827 nova,
786 1775 940 1820 aedem
970 1775 1133 1828 Martis,
1163 1776 1271 1818 Iovis
1303 1775 1493 1819 Tonantis
1521 1782 1559 1819 et
1587 1775 1760 1830 Feretri,
1790 1776 2000 1834 Apollinis,
2029 1798 2033 1801 -

380 1852 467 1896 divi
498 1851 594 1904 Iuli,
627 1852 810 1904 Quirini,
843 1852 1073 1902 Minervae,
1105 1852 1275 1894 Iunonis
1302 1852 1503 1909 Reginae,
1530 1852 1640 1895 Iovis
1667 1852 1904 1907 Libertatis,

378 1928 553 1979 Larum,
595 1926 726 1971 deum
756 1927 993 1978 Penatium,
1035 1927 1280 1980 Iuventatis,
1317 1929 1465 1971 matris
1493 1927 1633 1981 deum,
1663 1928 1884 1986 Lupercal,
1920 1929 2116 1987 pulvinar

377 2003 431 2047 ad
463 2004 643 2055 circum,
676 2003 838 2047 curiam
869 2016 966 2047 cum
997 2002 1248 2056 Chalcidico,
1276 2002 1418 2058 forum
1444 2004 1696 2061 Auqustum‚
1727 2003 1938 2048 basilicam

271 2098 308 2128 35
378 2078 543 2131 Iuliam,
576 2079 785 2123 theatrum
817 2079 866 2121 M.
899 2077 1104 2129 Marcelli,
1134 2079 1425 2122 naumachiam
1454 2080 1563 2123 circa
1595 2079 1767 2122 Tiberim
1794 2086 1832 2123 et
1859 2094 2002 2124 nemus

378 2155 630 2206 Caesarum,
659 2154 842 2212 porticus
869 2154 912 2197 in
939 2153 1118 2207 Palatio,
1145 2155 1351 2212 porticum
1379 2154 1436 2198 ad
1464 2155 1616 2198 circum
1643 2155 1904 2200 Flaminium.

376 2231 535 2275 Refecit
565 2230 816 2288 Capitolium
845 2229 1056 2288 aedesque
1084 2243 1230 2273 sacras
1258 2231 1462 2289 octoginta
1490 2230 1617 2284 duas,
1648 2231 1857 2275 theatrum
1885 2233 2012 2276 Pom-

375 2307 462 2365 pei,
494 2319 705 2365 aquarum
733 2305 898 2356 duetus,
929 2305 1038 2349 viam
1066 2304 1325 2349 Flaminiam.
1368 2307 1517 2363 Inqens
1546 2313 1606 2350 est
1632 2307 1872 2364 magnitudo

375 2383 687 2442 impensarum,
727 2395 831 2439 quas
863 2381 958 2439 feeit
985 2381 1029 2424 in
1059 2380 1176 2424 ludos
1205 2388 1243 2424 et
1270 2395 1445 2425 munera
1475 2381 1755 2439 gladiatorum
1785 2382 2109 2440 athletarumque

266 2465 304 2497 40
373 2460 410 2496 et
430 2453 637 2512 proelium
660 2452 807 2495 navale
827 2458 864 2494 et
884 2451 1134 2504 venationes,
1165 2450 1380 2504 donorum,
1410 2464 1515 2508 quae
1534 2451 1644 2494 dedit
1663 2451 1815 2494 colonis
1833 2458 1871 2495 et
1895 2452 2109 2510 municipis

372 2529 519 2573 Italiae
548 2528 783 2587 oppidisque
805 2527 1117 2585 provinciarum
1145 2533 1280 2570 terrae
1312 2533 1427 2570 motu
1459 2526 1745 2584 incendioque
1766 2528 2027 2585 consumptis
2044 2526 2108 2570 vel

371 2606 513 2649 amieis
539 2604 711 2662 sinqulis
739 2602 1106 2661 senatoribusque,
1139 2615 1324 2660 quorum
1354 2615 1510 2646 census
1540 2601 1737 2659 explevit.

362 3068 364 3072 ’
396 3064 450 3098 24.
478 3064 621 3097 Tertium
648 3060 809 3094 decimum
830 3058 1103 3092 consulatum--
1113 3060 1247 3099 patrem
1276 3057 1429 3100 patriae]
1455 3057 1506 3091 Cf.
1532 3058 1675 3090 Sueton.
1700 3058 1787 3099 Aug.
1804 3057 1859 3091 58.
1884 3057 1985 3090 Diem
2006 3055 2100 3090 indi-

309 3125 366 3157 cat
386 3120 637 3156 Kalendarium
667 3116 954 3156 Praenestinum,
984 3117 1100 3148 Nonas
1125 3114 1332 3148 Februarias
1355 3116 1447 3156 (anni
1472 3123 1506 3147 u.
1532 3114 1619 3155 752).
1646 3116 1774 3147 Parum
1797 3114 1895 3147 recte
1917 3112 2097 3154 Zumptius

308 3180 514 3222 equestrem
537 3175 697 3209 ordinem
721 3180 897 3214 nusquam
922 3172 1093 3204 nominari
1115 3170 1278 3203 affirmati
1304 3170 1446 3204 Ovidius
1469 3170 1564 3203 enlm
1589 3170 1678 3202 Fast.
1702 3170 1736 3209 2,
1755 3170 1835 3202 427:
1860 3169 1982 3202 Sancte
1997 3170 2097 3209 pater

301 3236 455 3278 patriae,
480 3234 538 3267 tibi
553 3231 662 3274 plebs,
687 3229 746 3263 tibi
767 3229 864 3262 curia
886 3236 1004 3260 nomen
1025 3228 1094 3260 Hoc
1116 3227 1223 3260 dedit:
1257 3226 1332 3259 hoc
1359 3226 1544 3259 dedimus
1565 3234 1639 3258 nos
1665 3225 1739 3258 tibi·
1760 3233 1924 3265 nomen,
1956 3231 2091 3265 equos.

310 3310 346 3316 -
372 3291 426 3324 3⁴.
451 3289 561 3331 Opera
580 3287 659 3330 fecit
677 3294 769 3320 nova
790 3284 872 3327 cei]
904 3284 955 3318 Cf.
981 3292 1089 3327 supra
1112 3282 1269 3317 tabulam
1291 3285 1464 3325 quartam.
1492 3299 1528 3306 —
1560 3281 1614 3315 40.
1640 3280 2093 3321 donormn--comumpml
