2254 3770
765 238 920 283 LIBER
949 239 998 281 ΙΙ.
1057 237 1160 296 Cap.
1190 238 1258 282 26.
1287 238 1355 283 27.
1383 238 1452 282 28.
1482 238 1550 282 29.

1979 238 2027 281 9⁴

255 349 387 398 niam,
417 358 532 404 quae
551 344 769 404 quondam
790 344 964 402 Augusti
986 343 1169 388 coniunx
1198 343 1352 394 fuerat,
1385 344 1664 388 consobrinos
1685 345 1912 394 Caesares,
1944 343 2036 401 ple-

254 437 352 466 nam
390 419 644 478 imaginibus
674 418 849 463 domum
879 425 1062 463 ostentat
1089 418 1368 477 hortaturque
1399 419 1452 463 ad
1484 419 1630 463 luxum
1659 426 1701 463 et
1730 433 1805 463 aes
1836 419 2032 469 alienum,

254 496 397 541 socius
426 494 650 538 libidinum
678 500 721 538 et
748 494 1069 545 necessitatum,
1101 507 1188 551 quo
1210 493 1404 551 pluribus
1425 494 1592 538 indiciis
1612 493 1820 551 inligaret.

1880 493 1961 550 (28)
1990 500 2038 537 ut

253 571 355 615 satis
385 571 556 614 testium
575 576 617 613 et
636 569 710 628 qui
732 570 843 614 servi
864 569 1019 613 eadem
1038 570 1268 612 noscerent
1295 569 1500 626 repperit,
1531 569 1694 613 aditum
1715 570 1769 612 ad
1800 569 2037 627 principem

252 645 455 705 postulat,
488 645 778 689 demonstrato
807 644 984 688 crimine
1015 650 1058 687 et
1085 657 1162 688 reo
1185 657 1265 702 per
1288 643 1484 688 Flaccum
1511 644 1814 694 Vescularium,
1847 645 2068 702 equitems

252 723 511 771 Romanum,
553 719 626 764 cui
653 720 830 778 propior
857 733 957 763 cum
986 718 1153 763 Tiberio
1183 732 1290 762 usus
1320 725 1423 762 erat.

1485 719 1646 763 Caesar
1682 719 1887 762 indicium
1923 717 2036 761 haud

253 802 505 854 aspernatus
526 808 782 853 congressus
802 793 969 838 abnuit:
998 807 1129 851 posse
1157 794 1272 837 enim
1301 793 1458 837 eodem
1477 794 1629 838 Flacco
1658 794 1916 838 internuntio
1946 807 2039 837 ser-

252 885 402 915 mones
433 884 688 915 commeare.
741 876 869 927 atque
907 868 1075 912 interim
1104 868 1311 912 Libonem
1350 876 1473 912 ornat
1512 876 1734 926 praetura,
1773 868 2038 913 convictibus

253 945 441 995 adhibet,
475 959 559 989 non
581 944 697 988 vultu
719 943 946 997 alienatus,
977 957 1061 987 non
1088 943 1230 987 verbis
1261 944 1512 988 commotior
1542 944 1667 1000 (adeo
1699 945 1802 987 iram
1834 944 2039 988 condide-

254 1022 352 1077 rat);
383 1027 625 1078 cunctaque
646 1020 740 1063 eius
760 1019 871 1063 dicta
896 1019 1111 1077 factaque,
1144 1033 1242 1063 cum
1261 1018 1490 1077 prohibere
1511 1026 1675 1077 posset,
1707 1020 1820 1063 scire
1839 1019 2035 1066 malebat,
2051 1030 2088 1059 ιο

252 1096 393 1141 donec
421 1096 566 1139 Iunius
586 1094 780 1153 quidam,
811 1101 1040 1152 temptatus
1068 1101 1116 1137 ut
1144 1095 1330 1138 infernas
1361 1094 1534 1138 umbras
1565 1095 1825 1138 carminibus
1851 1095 2035 1142 eliceret.

254 1171 307 1216 ad
330 1170 564 1215 Fulcinium
583 1170 779 1214 Trionem
808 1169 1011 1213 indicium
1037 1169 1197 1235 detulit.
1241 1169 1411 1214 celebre
1442 1170 1551 1213 inter
1579 1178 1853 1213 accusatores
1874 1170 2038 1213 Trionis

253 1247 471 1304 ingenium
499 1252 591 1289 erat
618 1244 887 1303 avidumque
917 1244 1053 1288 famae
1082 1244 1233 1289 malae.
1277 1245 1415 1288 statim
1447 1245 1623 1302 corripit
1653 1259 1791 1295 reum,
1825 1245 1911 1288 adit
1937 1259 2039 1289 con-

253 1322 389 1374 sules,
422 1321 709 1379 cognitionem
738 1328 911 1367 senatus
941 1320 1090 1378 poscit.
1131 1326 1174 1364 et
1201 1327 1406 1363 vocantur
1434 1327 1598 1378 patres,
1631 1320 1775 1363 addito
1796 1320 2039 1364 consultan-

254 1397 359 1441 dum
398 1410 530 1455 super
568 1410 616 1440 re
654 1409 808 1453 magna
848 1402 891 1439 et
928 1397 1074 1439 atroci.

1133 1396 1215 1452 (29)
1244 1395 1350 1439 Libo
1386 1395 1554 1438 interim
1592 1402 1710 1439 veste
1747 1402 1905 1438 mutata
1940 1405 2088 1439 cumis

254 1471 515 1531 primoribus
551 1471 717 1515 seminis
754 1471 980 1514 circumire
1017 1470 1189 1521 domos,
1231 1484 1356 1514 orare
1396 1470 1582 1521 adfines,
1622 1485 1774 1515 vocem
1809 1470 2038 1514 adversum

253 1546 441 1606 pericula
462 1560 662 1605 poscere,
693 1545 979 1599 abnuentibus
1001 1546 1182 1595 cunctis,
1206 1559 1301 1590 cum
1324 1546 1494 1589 diversa
1513 1546 1861 1604 praetenderent,
1886 1545 2039 1589 eadem

214 1649 218 1653 -
257 1622 496 1666 formidine.
554 1621 625 1666 die
661 1627 834 1665 senatus
863 1627 981 1665 metu
1012 1628 1056 1665 et
1083 1621 1351 1679 aegritudine
1388 1621 1547 1672 fessus,
1589 1621 1701 1672 sive,
1741 1627 1785 1664 ut
1825 1620 2038 1664 tradidere

325 1793 357 1831 l.
390 1797 602 1830 consobrinus
628 1799 776 1830 caesaris
795 1798 829 1831 M
865 1814 902 1821 —
937 1798 969 1831 ὅ.
999 1798 1132 1831 crimini
1153 1806 1207 1840 pr.
1231 1798 1266 1831 M
1291 1816 1327 1822 -
1355 1798 1387 1831 6.
1418 1799 1579 1840 proprior
1599 1800 1704 1841 pr.M
1740 1817 1775 1823 -
1811 1800 1844 1832 7.
1878 1807 2041 1831 sermones

255 1854 467 1888 Beroaldus:
495 1863 642 1887 sermone
663 1855 715 1894 M;
739 1864 920 1888 sermonem
942 1856 1062 1888 Ritter.
1083 1872 1119 1879 -
1145 1855 1178 1888 9.
1202 1856 1400 1889 commocior
1421 1857 1455 1889 M
1479 1874 1516 1880 —
1543 1856 1596 1889 lo.
1620 1856 1776 1889 manebat
1797 1856 1830 1888 M
1852 1872 1887 1878 —
1914 1855 1967 1888 ⁴2.
1985 1863 2042 1887 ac-

258 1914 441 1944 cussatores
462 1912 495 1944 M
520 1929 557 1934 —
581 1912 703 1945 triones
724 1919 778 1953 pr.
803 1911 837 1945 M
862 1927 898 1935 -
925 1911 978 1945 43.
1002 1912 1091 1954 same
1111 1912 1157 1946 M.

257 2067 391 2100 iestatis
415 2066 684 2109 delatorumque
709 2066 919 2100 calumniae.
948 2068 999 2101 Cf.
1026 2069 1056 2108 l,
1083 2069 1124 2101 72

255 2125 334 2159 sqq.
361 2134 397 2140 -
424 2117 556 2158 facilem
579 2117 744 2159 inanibus]
777 2118 810 2149 in
839 2119 940 2150 cuius
967 2119 1124 2151 animum

255 2166 393 2200 facilem
421 2176 605 2200 accessum
629 2167 809 2200 habebant
831 2177 890 2201 res
913 2169 1055 2208 inanes,
1088 2170 1124 2201 ut

255 2218 370 2250 omnis
394 2218 533 2258 generis
549 2218 828 2259 superstitiones,
847 2220 885 2250 ut
900 2227 1012 2251 vanae
1029 2227 1126 2251 com-

254 2268 456 2310 putationes
500 2275 542 2299 ac
589 2267 846 2310 praedictiones
884 2268 1125 2300 Chaldaeorum

258 2317 312 2358 (cf.
338 2326 368 2349 c.
393 2317 446 2349 32.
473 2316 505 2355 3,
531 2318 606 2356 22),
631 2317 665 2349 id
691 2319 745 2350 est
772 2316 1026 2359 astrologorum
1050 2319 1124 2350 sive

257 2366 571 2409 genethliacorum.
589 2384 624 2390 —
642 2376 807 2407 proavum
820 2368 1020 2408 Pompeium,
1043 2369 1126 2400 ami-

260 2420 330 2449 tam
366 2417 576 2449 Scriboniam
609 2417 693 2458 cet.]
731 2416 934 2457 Scribonia,
979 2419 1125 2458 Augusti

259 2467 404 2505 coniux,
445 2475 547 2499 soror
574 2467 636 2499 fuit
669 2468 705 2499 L.
742 2467 912 2499 Scribonii
950 2468 986 2500 1..
1013 2467 1035 2500 f.
1068 2468 1125 2500 Li-

257 2516 378 2554 bonis,
410 2515 563 2548 consulis
586 2525 617 2548 a.
644 2524 678 2548 u.
705 2517 780 2555 720,
812 2517 911 2549 cuius
939 2516 1008 2548 filia
1031 2518 1126 2549 Scri-

258 2566 365 2600 bonia
395 2567 473 2599 Sex.
507 2567 694 2607 Pompeio,
731 2567 794 2599 Cn.
825 2567 981 2608 Pompeii
1012 2568 1126 2608 Magni

258 2616 348 2656 filio,
381 2617 606 2648 matrimonio
634 2617 752 2648 iuncta
783 2618 848 2648 est.
881 2616 948 2658 (Cf.
974 2617 1122 2658 Appian.

257 2667 295 2700 B.
315 2667 352 2699 C.
370 2667 402 2706 ὅ,
427 2667 483 2699 52.
510 2666 563 2698 53.
590 2665 684 2706 ⁴39.)
708 2667 786 2698 Sex.
807 2667 962 2707 Pompeii
987 2669 1022 2699 et
1037 2667 1126 2699 Scri-

258 2716 386 2748 boniae
415 2715 484 2748 filia
515 2716 701 2757 Pompeia,
738 2717 840 2747 antea
871 2715 1050 2757 desponsa
1078 2717 1123 2750 M.

260 2765 404 2799 Claudio
421 2764 602 2803 Marcello,
628 2766 766 2797 Antonii
781 2766 940 2807 privigno
961 2765 1122 2807 (Appiau.

258 2817 298 2849 Β.
324 2816 362 2848 C.
388 2817 420 2854 5,
446 2815 524 2856 73),
552 2817 675 2857 postea
705 2816 822 2856 nupsit
849 2815 1031 2848 Scribonio
1055 2816 1127 2848 cui-

262 2866 343 2902 dam
375 2865 515 2905 Liboni,
551 2865 641 2906 patri
671 2866 746 2898 eius
779 2865 938 2904 Libonis,
975 2865 1020 2898 de
1054 2874 1125 2907 quo

259 2916 398 2948 Tacitus
427 2915 462 2948 h.
493 2914 516 2947 1.
547 2914 712 2955 loquitur.
759 2915 880 2956 Itaque
915 2915 972 2947 hic
1006 2918 1127 2948 noster

260 2965 345 2997 Libo
380 2973 531 3006 proavos
566 2964 689 2996 habuit
723 2964 785 2996 Cn.
816 2966 1023 3006 Pompeium
1051 2966 1126 2998 Ma-

261 3022 368 3055 gnum
399 3016 435 3046 et
466 3015 502 3046 L.
528 3013 749 3046 Scribonium
781 3014 962 3046 consulem
990 3022 1021 3045 a.
1048 3015 1124 3054 720,

261 3064 405 3096 amitam
428 3065 546 3095 autem
570 3064 748 3102 maiorem,
773 3063 796 3095 i.
822 3072 854 3095 e.
879 3063 1000 3104 proavi
1023 3071 1126 3095 soro-

261 3122 338 3146 rem
363 3112 506 3154 (Paulus
529 3113 604 3153 Dig.
625 3113 679 3152 38,
704 3113 794 3154 ⁴0.),
819 3112 1038 3145 Scriboniam
1054 3115 1126 3145 Au-

261 3164 352 3203 gusti
398 3162 595 3203 coniugem.
630 3180 674 3186 —
706 3162 914 3194 consobrinos
958 3162 1125 3204 Caesares]

262 3213 387 3244 Gaium
410 3214 445 3244 et
467 3213 629 3250 Lucium,
657 3210 760 3244 iuliae
785 3213 820 3244 et
836 3212 1007 3253 Agrippae
1024 3210 1124 3250 filios,

261 3261 390 3302 quibus
410 3261 607 3300 Scribonia,
633 3261 773 3294 Libonis
796 3262 848 3294 rei
871 3262 976 3294 amita
1000 3262 1125 3302 maior,

263 3314 339 3343 erat
361 3313 437 3344 avia
460 3314 633 3346 materna.
660 3329 695 3335 -—
721 3311 958 3353 necessitatum]
988 3312 1125 3354 inopiae

264 3369 307 3392 ex
329 3370 410 3395 aere
434 3362 558 3403 alieno,
585 3362 680 3404 quod
695 3362 811 3395 nimiis
827 3361 1027 3404 sumptibus
1044 3371 1128 3395 eon-

1174 2069 1322 2102 ssaverat
1351 2069 1735 2112 (Geldverleyenheiten);
1772 2071 1890 2103 socius
1921 2070 2040 2102 autem

1175 2120 1425 2152 necessitatum
1451 2121 1576 2160 Catus,
1612 2120 1755 2162 quando
1786 2130 1807 2152 a
1833 2120 2042 2152 feneratori-

1173 2169 1241 2203 bus
1265 2170 1297 2202 ei
1316 2170 1484 2211 pecunias
1501 2169 1748 2212 comparabat,
1774 2169 1904 2211 quibus
1921 2172 2040 2202 vetera

1174 2220 1293 2252 debita
1318 2219 1480 2254 solveret.

1217 2270 1271 2303 28.
1296 2270 1476 2313 noscerent]
1507 2270 1654 2313 simplex
1677 2280 1742 2313 pro
1766 2271 1960 2312 composito
1983 2270 2043 2301 ad-

1172 2324 1361 2362 ,enascentes
1381 2330 1492 2353 servos
1514 2330 1544 2353 c.
1571 2321 1624 2354 30.
1652 2321 1701 2353 Cf.
1729 2322 1781 2360 ⁴5,
1808 2321 1866 2353 60:
1892 2330 1937 2352 an
1954 2321 2043 2352 dicta

1173 2371 1304 2403 Natalis
1326 2379 1451 2411 suaque
1472 2380 1632 2411 responsa
1646 2374 1802 2403 nosceret.
1824 2389 1858 2394 —
1885 2371 2042 2403 Flaccum

1177 2421 1412 2462 Vescularium]
1438 2421 1537 2453 cuius
1560 2420 1638 2454 finis
1662 2423 1823 2453 narratur
1846 2422 1878 2461 6,
1904 2422 1955 2453 40.
1990 2420 2040 2452 lbi

1174 2478 1316 2511 quoque
1332 2473 1481 2503 vocatur
1503 2471 1701 2503 insidiarum
1725 2471 1759 2502 in
1775 2470 1928 2503 Libonem
1942 2471 2042 2503 inter-

1173 2522 1319 2552 nuntius.
1347 2538 1383 2544 —-
1409 2521 1526 2553 Flacco
1548 2521 1752 2553 internuntio
1773 2530 1938 2553 sermon-es
1951 2530 2042 2553 com-

1173 2570 1295 2612 meare]
1332 2570 1382 2603 Cf.
1408 2571 1494 2603 Hist.
1521 2571 1559 2610 2,
1585 2571 1645 2603 99:
1681 2571 1832 2603 ministro
1855 2579 2041 2603 sermonum

1173 2619 1295 2652 Rubrio
1320 2620 1427 2652 Gallo.
1453 2638 1489 2643 —
1516 2623 1614 2660 atque
1636 2621 1768 2652 interim
1791 2620 1872 2661 cet.]
1896 2621 2038 2652 Sueton.

1168 2669 1248 2702 Tib.
1276 2671 1335 2702 25:
1362 2669 1534 2710 Libonem,
1559 2679 1600 2702 ne
1623 2671 1702 2709 quid
1723 2670 1759 2702 in
1780 2671 1927 2703 novitate
1949 2679 2042 2701 acer-

1174 2719 1245 2751 bius
1271 2721 1381 2761 fieret,
1411 2721 1551 2752 secundo
1581 2721 1711 2752 demum
1740 2729 1829 2752 anno
1858 2721 1892 2752 in
1925 2722 2042 2751 senatu

1174 2769 1340 2811 coarguit,
1364 2770 1470 2802 medio
1486 2770 1640 2810 temporis
1654 2771 1763 2810 spatio
1780 2773 1909 2802 tantum
1924 2777 2042 2801 cavere

1174 2822 1354 2852 contentus.
1400 2820 1490 2851 Nam
1523 2822 1553 2851 et
1588 2820 1674 2851 inter
1705 2821 1873 2861 pontifices
1909 2819 2042 2860 sacrifl-

1174 2869 1265 2901 canti
1292 2869 1390 2900 simul
1416 2878 1480 2909 pro
1510 2869 1666 2909 secespita
1689 2869 1876 2910 plumbeum
1898 2869 2042 2901 cultrum

1174 2918 1410 2950 subiiciendum
1445 2919 1599 2958 curavit,
1645 2922 1676 2951 et
1718 2923 1876 2952 secretum
1921 2919 2042 2958 petenti

1174 2968 1304 2999 nonnisi
1327 2967 1471 2999 adhibito
1492 2969 1604 3000 Druso
1625 2969 1694 3010 filio
1725 2970 1829 3008 dedit,
1866 2969 2041 3000 dextram-

1175 3026 1237 3058 que
1266 3017 1526 3058 obambulantis,
1561 3019 1661 3050 veluti
1690 3018 1895 3056 incumbens,
1931 3019 2042 3058 quoad

1173 3071 1391 3108 peraqeretur
1422 3076 1547 3108 sermo,
1583 3069 1755 3100 continuit.
1788 3086 1823 3091 —
1855 3068 2042 3101 Fulcinium

1178 3116 1336 3157 Trionem]
1362 3116 1413 3149 Cf.
1440 3117 1471 3155 3,
1499 3118 1551 3150 40.
1579 3118 1631 3150 49.
1656 3119 1688 3156 5,
1716 3119 1768 3149 Η.
1795 3118 1827 3157 6,
1853 3117 1884 3150 4.
1910 3117 1964 3150 38.

1218 3165 1272 3197 29.
1296 3169 1383 3198 veste
1404 3166 1544 3208 mutata]
1571 3170 1609 3199 ut
1629 3168 1701 3199 Liv,
1720 3167 1750 3203 6,
1776 3167 1831 3205 20,
1857 3166 1916 3198 ubi
1940 3176 2041 3208 prae-

1176 3214 1270 3248 cedit
1287 3217 1494 3249 sordidatum
1508 3226 1613 3248 reum.
1640 3217 1710 3248 Cio.
1730 3217 1798 3248 Pis.
1817 3215 1870 3248 44.
1895 3218 1934 3249 Α.
1952 3216 2037 3250 Gell.

1175 3264 1209 3304 3,
1233 3264 1266 3298 4.
1291 3265 1410 3298 Talem
1433 3270 1583 3298 atratum
1605 3266 1689 3298 dicit
1711 3267 1851 3299 Sueton.
1877 3268 1956 3299 Ner.
1981 3267 2036 3299 27.

1174 3332 1219 3340 —
1239 3315 1362 3358 vocem]
1386 3316 1629 3355 defensorem,
1662 3325 1768 3357 quem
1793 3325 1864 3349 non
1887 3317 2035 3349 invenit:

1175 3364 1270 3397 unde
1300 3373 1381 3398 mox
1409 3366 1478 3398 sine
1495 3368 1641 3405 patrono
1663 3365 1797 3397 curiam
1828 3366 1969 3398 introiit.
1998 3381 2034 3389 -—
