2254 3770
0 3110 19 3179 *οἰ-ς·
0 3093 4 3100 -
0 3056 6 3081 -
0 3038 9 3042 ι
0 2736 13 3011 ψ-νυ-ἰα--ᾑψ
0 2702 7 2722 ,w
0 2608 16 2688 ψ-,ῖγ
0 2535 8 2592 ,vv
0 2495 5 2521 ,Ἡ
3 2481 7 2483 y
0 2419 2 2425 ,

1901 298 1981 330 XX!

198 408 303 440 cura
331 396 539 438 versatus
567 394 701 436 multa
731 395 897 438 librarii
928 394 1082 437 menda
1115 394 1272 438 dextre
1302 397 1501 451 sustulit,
1539 397 1585 439 in
1615 397 1779 440 ceteris
1808 396 1980 440 Puteo-

194 473 338 516 lanum
368 470 464 513 fere
493 472 675 513 secutus
705 472 786 512 est.
805 466 834 522 ¹)

304 589 350 632 4.
394 589 582 632 Editio
623 589 881 632 Andreae
927 590 1163 641 Alcimi,
1208 591 1454 638 rarissima,
1504 592 1644 635 forma
1684 594 1980 647 quaternaria.

190 667 473 711 Inscribitur:
515 663 572 708 P.
608 662 814 709 Cornelii
847 664 1005 722 Taciti
1044 666 1150 710 libri
1196 670 1392 726 quinque
1423 670 1604 710 noviter
1632 671 1811 711 inventi
1840 671 1978 727 atque

191 755 293 786 cum
334 741 521 800 reliquis
565 744 664 784 eius
705 741 916 798 operibus
954 742 1082 785 editi.
1141 741 1389 785 Mediolani
1430 755 1485 786 ex
1517 743 1696 787 officina
1724 743 1979 787 Minutiana

193 815 346 861 151’7.
390 816 475 859 Est
503 817 712 872 repetitio
742 815 1051 860 Beroaldinae.

302 929 347 972 5.
392 929 587 972 Editio
626 931 878 986 Iuntina,
918 931 1073 973 forma·
1105 933 1356 987 octonaria,
1406 945 1502 976 eum
1541 933 1626 976 hac
1665 933 1977 988 inscriptione:

188 1005 245 1050 P.
270 1003 476 1049 Cornelii
499 1004 655 1049 'I'aciti
685 1006 742 1048 ab
774 994 967 1049 erc-cessa
991 1005 1100 1049 Divi
1120 1005 1323 1065 Auyusti
1343 1007 1667 1052 Historiarum
1686 1008 1819 1051 Libri
1840 1012 1978 1068 quin-

188 1095 272 1142 que
307 1094 454 1139 nuper
488 1084 666 1125 inventi
704 1084 843 1141 atque
881 1095 984 1124 cum
1021 1082 1209 1141 reliquis
1239 1086 1338 1126 eius
1371 1081 1596 1141 Operibus
1624 1086 1837 1127 maa-ima
1866 1084 1978 1127 dili-

187 1160 346 1216 qentia
376 1160 551 1200 eoecusi.
597 1156 869 1200 Florentiae
900 1170 984 1215 per
1013 1156 1205 1201 heredes
1236 1157 1446 1216 Philippi
1474 1158 1659 1202 Iuntae.
1708 1157 1846 1202 Anno
1876 1157 1978 1202 Do-

187 1236 303 1276 mini
333 1229 399 1275 M.
416 1232 473 1274 D.
491 1229 602 1274 XX
612 1230 715 1280 VII.
757 1225 922 1275 Mense
952 1232 1087 1275 Maii·
1142 1232 1230 1276 Die
1260 1232 1432 1276 XXII.
1480 1231 1717 1277 Clemente
1749 1232 1978 1291 Pontifice

187 1306 323 1352 Marc.
366 1309 595 1352 Praefatio
618 1308 728 1351 haec
749 1311 840 1351 est:
870 1307 983 1351 Ant.
1006 1307 1309 1356 Francfinus)
1341 1308 1636 1353 Varchiensis
1659 1308 1898 1354 Studiosis
1922 1308 1976 1354 S.

187 1382 445 1427 Mirabitur
470 1383 676 1440 fortasse
707 1387 958 1443 quispiam,
1000 1387 1048 1426 et
1086 1397 1178 1427 non
1208 1388 1403 1442 iniuria,
1445 1398 1545 1441 nos,
1585 1385 1885 1445 temporibus,
1927 1389 1978 1429 in

187 1459 348 1519 quibus
378 1460 493 1502 bello
526 1463 743 1502 vastatur
773 1463 991 1502 universa
1022 1458 1183 1517 ltalia,
1213 1463 1449 1503 vexantur
1468 1460 1617 1517 urbes,
1648 1461 1818 1503 ardent
1839 1465 1978 1520 tecta,

188 1536 304 1578 adeo
335 1539 388 1578 ut
417 1538 566 1578 omnis
596 1520 917 1590 benefaciendi
952 1535 1114 1578 modus
1145 1539 1406 1578 exstinctus
1436 1548 1535 1578 esse
1565 1528 1801 1593 videatur,
1838 1550 1979 1580 novos

188 1614 401 1654 auctores
430 1614 480 1653 in
510 1610 658 1654 lucem
687 1611 835 1653 edere.
886 1608 951 1654 At
982 1623 1074 1653 non
1096 1611 1148 1654 ob
1170 1612 1221 1655 id
1240 1625 1270 1654 a
1291 1615 1450 1654 nostro
1476 1624 1718 1667 possumus
1744 1612 1978 1656 discedere

188 1689 431 1742 institul03
472 1699 603 1744 nam,
644 1690 698 1729 ut
727 1698 883 1729 omnes
912 1690 1104 1745 norunt,
1138 1699 1221 1729 nos
1251 1687 1522 1730 iamdudum
1552 1686 1685 1744 Reip.
1715 1687 1979 1730 litterariae

189 1775 272 1817 pro
319 1761 493 1804 viribus
526 1762 753 1818 *prodesse
798 1762 1106 1821 decrevimus‚
1153 1762 1448 1821 dedimusque
1486 1762 1611 1805 vobis
1650 1762 1838 1822 multos,
1881 1766 1980 1806 tum

196 1835 422 1895 Graecos,
463 1840 563 1880 tum
591 1836 791 1880 Latinos
821 1841 1057 1890 auctores,
1091 1839 1249 1880 nostro
1285 1837 1440 1879 labore
1470 1840 1750 1896 casttyatos,
1782 1852 1839 1880 ac
1868 1838 1979 1880 dili-

189 1915 454 1970 qentissime
491 1925 700 1955 eoecusos.
758 1910 899 1956 Nunc
934 1925 1040 1954 vero
1079 1910 1132 1955 P.
1167 1909 1371 1955 Cornelii
1412 1911 1567 1955 Taciti
1605 1913 1979 1970 eleyantissimae

189 1987 412 2031 historiae
451 1987 509 2031 ab
549 2000 743 2030 excessu
782 1986 891 2030 Divi
928 1986 1132 2044 Auyusti
1167 1990 1361 2046 quinque
1390 1987 1558 2031 Libros
1587 2001 1736 2045 nuper
1765 1991 1979 2032 inventos

190 2076 293 2107 cum
331 2063 517 2122 reliquis
558 2066 657 2106 eius
701 2060 924 2116 Operibus
964 2075 1159 2106 excusos
1199 2063 1388 2122 damus,
1433 2077 1462 2105 a
1494 2051 1713 2120 Philippo
1745 2062 1978 2106 Beroaldo

189 2141 389 2196 iuniore,
418 2142 517 2181 viro
548 2142 698 2181 nostri
727 2139 871 2182 seculi
901 2139 1239 2197 eruditissimo,
1268 2142 1398 2196 prius
1429 2142 1706 2198 castiqatos,
1736 2152 1847 2182 mooe
1872 2151 1979 2181 vero

190 2228 220 2256 a
249 2213 378 2257 nobis
407 2216 578 2256 iterum
607 2217 888 2272 recoquitos,
926 2226 1093 2272 vosque
1124 2215 1187 2256 ad
1223 2213 1359 2257 huitoe
1390 2218 1597 2258 auctoris
1628 2214 1870 2257 lectionem
1898 2227 1981 2257 ve-

282 2398 320 2441 1)
353 2400 424 2442 Ego
464 2409 578 2442 nuper
611 2401 884 2440 pulcherrimum
918 2402 1096 2441 exemplar
1130 2403 1197 2434 emi
1231 2401 1254 2433 9
1282 2401 1391 2434 iranc-
1417 2401 1634 2443 Franeogail.
1661 2401 1878 2441 Mediolani,
1918 2401 1980 2434 ubi

191 2460 422 2494 Beroaldinae
459 2461 578 2494 ve'rum
619 2462 767 2508 pretium
806 2470 928 2502 parum
966 2463 1143 2502 cognitum
1181 2462 1333 2495 videtur.
1384 2461 1585 2495 Notandum
1614 2470 1717 2499 vero,
1753 2462 1787 2493 in
1813 2461 1979 2501 exemplis

191 2506 389 2557 nonnuliis,
417 2521 714 2561 quemadmodum
742 2521 777 2553 in
804 2530 860 2559 eo,
888 2523 981 2562 quod
1009 2522 1272 2555 asservatur'in
1298 2520 1516 2554 Bibliotheca
1542 2520 1758 2561 Monacensi‚
1786 2521 1977 2554 desiderari

192 2579 371 2621 Agricolae
402 2581 530 2617 vitam,
567 2582 649 2620 quia
685 2583 871 2620 separatim
904 2590 921 2613 a
951 2581 1090 2621 reliquo
1117 2589 1225 2621 opere
1252 2582 1340 2622 typis
1367 2580 1528 2613 mandata
1556 2583 1608 2613 est
1632 2580 1756 2614 decem
1782 2579 1874 2613 loliis
1899 2588 1977 2612 cum

191 2641 280 2680 sign.
308 2639 350 2671 A.
379 2639 407 2671 A
433 2639 479 2671 11.
506 2639 536 2671 A
563 2640 625 2672 111.
655 2639 683 2671 A
707 2640 791 2672 1111.
819 2640 847 2672 A
874 2640 916 2679 V,
957 2641 1101 2681 reliquis
1137 2642 1295 2682 quinque
1329 2648 1399 2672 non
1433 2640 1589 2680 signatis.
1639 2640 1722 2673 Meo
1757 2642 1791 2671 in
1820 2639 1978 2679 exemplo

191 2699 268 2731 Vita
303 2699 481 2738 praeeedit
512 2699 563 2731 De
595 2701 663 2732 situ
681 2715 720 2722 --
739 2698 947 2733 Germaniae
981 2700 1134 2733 libellum
1170 2704 1205 2733 et
1235 2700 1441 2741 misingum,
1478 2708 1568 2740 quae
1595 2707 1674 2739 pars
1700 2701 1824 2740 incipit
1845 2709 1863 2732 a
1891 2699 1978 2732 duo-

192 2758 256 2790 bus
281 2758 371 2790 foliis
399 2766 468 2790 non
493 2759 649 2800 signatis,
677 2759 908 2800 sequentibus
934 2762 1075 2800 signatis
1101 2759 1162 2792 00
1188 2759 1244 2791 PP
1269 2759 1332 2800 QQ
1349 2784 1358 2798 ‚
1387 2760 1515 2800 quibus
1540 2760 1794 2792 continuantur
1818 2759 1901 2790 A-
1917 2759 1978 2793 NN

191 2817 379 2850 Annalium
406 2822 441 2850 et
468 2817 713 2850 Historiarum.
756 2817 928 2851 Editionis
961 2827 1045 2852 suae
1072 2823 1242 2852 rationem
1268 2819 1365 2851 brevi
1391 2819 1632 2852 admonitione
1656 2819 1704 2851 ad
1727 2819 1907 2851 lectorem
1930 2821 1979 2851 sic

193 2878 401 2917 descripsit:
438 2877 615 2918 Quoniam
646 2882 742 2911 vetus
772 2879 897 2916 σοαπ,
930 2878 1021 2910 unde
1045 2878 1136 2910 hunc
1159 2879 1274 2918 ipsum
1303 2878 1567 2911 describendum
1592 2881 1697 2919 atque
1721 2877 1978 2919 inculpandum

192 2937 336 2975 curavi,
370 2936 529 2976 pluribus
552 2938 684 2970 mendis
708 2942 841 2977 scatet,
875 2947 1022 2980 aequum
1048 2939 1183 2971 videtur
1216 2939 1373 2971 lectorem
1396 2940 1434 2971 in
1455 2940 1573 2981 primo
1598 2939 1700 2979 quasi
1724 2939 1838 2979 operis
1862 2937 1980 2969 limine

194 2996 332 3028 consilii
355 2996 442 3032 mei,
477 3004 546 3037 quo
578 2997 617 3028 in
641 2997 702 3029 hoc
726 3000 800 3029 toto
823 2999 965 3040 negotio
989 3007 1064 3029 sum
1086 3006 1188 3032 usus,
1220 2997 1419 3030 admonere.
1463 2998 1619 3040 Namque
1643 3005 1778 3030 errores
1801 2997 1862 3038 qui
1882 2998 1978 3035 pote-

192 3058 276 3087 rant
299 3054 397 3087 nulla
423 3056 625 3087 temeritatis
650 3061 740 3088 nota
765 3058 962 3096 emendari,
989 3057 1154 3089 consultis
1177 3057 1292 3097 primo
1316 3057 1497 3089 nonnullis
1521 3057 1668 3090 eruditis
1693 3061 1726 3089 et
1749 3056 1841 3088 aeris
1858 3054 1980 3087 iudicii

192 3114 280 3146 viris
303 3114 453 3146 correxi.
494 3114 538 3145 At
563 3122 652 3154 quae
675 3114 751 3147 loca
774 3117 813 3147 in
836 3124 870 3148 se
899 3117 1067 3148 maiorem
1092 3117 1130 3148 in
1156 3117 1365 3161 corriqendo
1395 3116 1636 3158 difficultatem
1665 3115 1789 3147 habere
1814 3114 1976 3147 videban-

195 3177 275 3212 tur,
309 3174 396 3205 sicut
435 3177 536 3205 erant
569 3173 713 3213 reliqui,
746 3174 917 3214 appositis
951 3175 1113 3207 interiori
1143 3175 1298 3217 margini
1328 3175 1476 3208 stellulis
1509 3184 1598 3216 quae
1630 3175 1794 3207 vitiosum
1826 3173 1978 3206 codicem

195 3235 419 3265 testarentur.

288 3297 328 3330 In
353 3298 475 3331 ultima
501 3298 580 3331 iibri
608 3299 730 3340 pagina
756 3298 900 3332 adversa
927 3299 1051 3340 legitur
1075 3298 1387 3332 celebratissimum
1413 3300 1497 3332 illud
1524 3300 1652 3332 Leonis
1678 3298 1709 3330 X
1735 3298 1912 3331 edietum:

289 3364 432 3397 Nomine
451 3362 579 3403 Leonis
603 3364 637 3394 X
657 3364 758 3397 Pont.
784 3363 886 3397 Maec.
909 3362 924 3399 ΙΙ
950 3365 1135 3405 proposita
1158 3370 1239 3398 sunt
1262 3367 1400 3406 premia
1422 3374 1496 3398 non
1519 3365 1711 3398 mediocria
1733 3360 1747 3398 ΙΙ
1769 3364 1819 3397 his
1845 3365 1906 3406 qui
1928 3365 1976 3398 ad

197 3430 274 3455 eum
299 3423 406 3456 libros
429 3426 557 3457 veteres
590 3424 663 3467 παρ’
689 3424 853 3456 hactenus
877 3423 987 3457 editos
1016 3423 1212 3457 attulerint.
1250 3422 1275 3466 -1-
1301 3424 1368 3457 On.
