2254 3770
298 317 383 362 406

775 320 821 363 P.
853 318 1104 364 conNELn
1132 306 1303 364 nem
1330 319 1599 365 ΑΝΝΑιΙΠΜ

298 430 516 483 reputaret
552 425 754 470 tenebras
792 431 835 470 et
862 424 1076 484 vigilatam
1106 425 1301 470 convivio
1330 431 1500 470 noctem
1529 426 1757 485 omniaque
1787 427 2010 472 temeritati
2039 434 2084 472 et

299 500 492 544 inscitiae
529 501 742 559 propiora.

803 500 885 558 (24)
925 501 989 545 sic
1024 500 1154 545 lenito
1193 500 1396 559 principis
1434 507 1551 545 metu
1591 507 1635 546 et
1669 501 1766 547 luce
1794 509 1887 548 orta
1916 503 2001 546 itur
2027 503 2083 548 ad

300 576 594 634 Agrippinam,
625 583 672 619 ut
700 582 899 620 nosceret
919 576 1087 621 obiecta
1108 575 1450 635 dissolveretque
1470 576 1537 620 vel
1559 574 1720 634 poenas
1739 577 1890 623 lueret.
1924 579 2086 623 Burrus

300 650 353 694 iis
383 651 613 704 mandatis,
661 652 826 696 Seneca
865 665 1030 706 coram,
1067 651 1343 710 fungebatur:
1389 651 1567 696 aderant
1595 658 1638 696 et
1666 667 1720 697 ex
1747 653 1909 698 libertis
1939 653 2086 700 arbitri

268 726 522 770 ssermonis.
567 725 724 770 deinde
754 741 778 771 a
807 727 960 779 Burro,
999 733 1224 786 postquam
1257 727 1433 771 crimina
1461 734 1505 771 et
1533 734 1732 773 auctores
1761 729 1975 787 exposuit,
2006 728 2087 773 mi-

299 801 461 845 naciter
491 808 644 846 actum.
677 808 720 845 et
747 803 976 861 Agrippina
1000 803 1186 847 ferociae
1208 816 1374 846 memor
1398 817 1506 846 «non
1526 803 1679 847 miror»
1705 804 1840 862 inquit
1860 803 2084 856 «Silanam,

299 889 530 934 numquam
573 877 689 921 edito
737 885 879 935 partu,
923 884 1107 922 matrum
1150 876 1327 922 affectus
1366 879 1532 935 ignotos
1571 878 1744 923 habere.
1792 893 1935 937 neque
1973 880 2088 925 enim

297 951 477 1010 perinde
506 966 532 996 a
561 953 810 1010 parentibus
839 953 963 997 liberi
993 967 1123 1012 quam
1152 953 1206 997 ab
1236 953 1438 1011 inpudica
1466 953 1647 998 adulteri
1675 960 1901 998 mutantur.
1938 968 2020 1000 nec
2048 955 2084 999 si

298 1027 452 1071 Iturius
492 1033 534 1071 et
576 1028 783 1072 Calvisius
828 1027 971 1072 adesis
1015 1028 1213 1073 omnibus
1253 1029 1429 1073 fortunis
1468 1029 1743 1073 novissimam
1784 1030 2087 1088 suscipiendae

247 1116 284 1147 ιο
298 1103 582 1147 accusationis
613 1116 790 1161 operam
820 1104 920 1147 anui
950 1104 1210 1162 rependunt,
1244 1104 1342 1148 ideo
1373 1111 1445 1147 aut
1463 1105 1564 1148 mihi
1586 1105 1756 1149 infamia
1775 1105 1993 1163 parricidii
2014 1112 2088 1150 aut

299 1178 473 1223 Caesari
497 1178 759 1222 conscientia
779 1179 1004 1223 subeunda
1025 1186 1102 1223 est.
1135 1193 1232 1223 nam
1254 1179 1461 1224 Domitiae
1482 1180 1711 1224 inimicitiis
1727 1181 1883 1238 gratias
1899 1195 2084 1238 agerem,

297 1254 333 1297 si
363 1253 649 1297 benivolentia
681 1267 850 1298 mecum
879 1255 920 1297 in
939 1256 1153 1299 Neronem
1171 1269 1316 1299 meum
1336 1261 1536 1299 certaret:
1568 1269 1682 1300 nunc
1700 1269 1780 1313 per
1800 1256 2087 1300 concubinum

296 1328 524 1372 Atimetum
553 1335 596 1372 et
624 1329 875 1373 histrionem
903 1330 1102 1374 Paridem
1131 1331 1254 1389 quasi
1286 1344 1470 1375 scaenae
1500 1330 1663 1374 fabulas
1694 1331 1922 1389 componit.
1964 1332 2088 1376 Baia-

296 1418 392 1448 rum
422 1418 596 1448 suarum
626 1404 814 1463 piscinas
845 1405 1095 1458 extollebat,
1139 1420 1235 1450 cum
1272 1405 1380 1450 meis
1410 1405 1597 1450 consiliis
1627 1406 1802 1464 adoptio
1831 1413 1876 1450 et
1903 1420 2088 1465 procon-

246 1478 438 1524 insulare
470 1479 536 1523 ius
567 1487 610 1524 et
638 1479 877 1537 designatio
908 1481 1155 1525 consulatus
1186 1488 1228 1525 et
1257 1488 1400 1526 cetera
1429 1481 1662 1539 apiscendo
1692 1482 1874 1540 imperio
1905 1495 2088 1541 praepa-

294 1561 503 1598 rarentur.
538 1562 611 1599 aut
641 1555 816 1599 exsistat
844 1556 918 1614 qui
949 1556 1148 1600 cohortes
1178 1557 1221 1600 in
1251 1556 1359 1600 urbe
1389 1563 1633 1615 temptatas,
1666 1557 1740 1615 qui
1771 1557 2088 1615 provinciarum

295 1629 426 1675 fidem
445 1629 752 1682 labefactatam,
775 1630 964 1689 denique
984 1645 1134 1676 servos
1154 1631 1221 1676 vel
1241 1631 1419 1676 libertos
1439 1632 1494 1676 ad
1514 1632 1656 1677 scelus
1677 1639 1903 1691 corruptos
1922 1641 2086 1691 arguat.

294 1706 441 1750 vivere
481 1720 561 1763 ego
602 1706 841 1751 Britannico
881 1707 1070 1765 potiente
1098 1722 1246 1751 rerum
1275 1708 1501 1765 poteram?
1540 1722 1591 1752 ao
1620 1709 1654 1752 si
1687 1708 1860 1752 Plautus
1889 1715 1962 1753 aut
1989 1710 2087 1768 quis

279 1781 405 1825 :alius
434 1795 527 1825 rem
556 1796 597 1839 p.
629 1782 892 1826 iudicaturus
922 1782 1170 1835 obtinuerit,
1203 1783 1357 1827 desunt
1386 1783 1548 1828 scilicet
1576 1783 1676 1827 mihi
1703 1790 1988 1836 accusatores,
2011 1785 2084 1843 qui

244 1870 380 1902 aonon
420 1856 553 1901 verba
591 1857 853 1916 impatientia
893 1858 1078 1902 caritatis
1109 1858 1338 1917 aliquando
1368 1859 1554 1910 incauta,
1597 1859 1676 1903 sed
1707 1873 1758 1903 ea
1788 1859 1964 1903 crimina
1993 1858 2086 1903 obi-

360 1973 392 2005 4.
416 1975 589 2014 reputaret
613 1972 768 2014 Lipsius:
793 1972 944 2014 refutare
965 1974 1015 2012 M;
1040 1974 1226 2016 refuyitare
1240 1974 1404 2007 Ritterus.
1426 1992 1461 1998 —
1487 1974 1518 2007 3.
1541 1983 1630 2015 pena
1651 1983 1705 2016 pr.
1723 1975 1772 2014 M;
1793 1982 1900 2014 penas
1923 1982 2014 2006 corr.
2031 1974 2080 2012 M:

288 2037 433 2070 poenam
456 2027 611 2061 Halmius
635 2027 714 2062 coll.
741 2028 802 2067 44,
829 2030 882 2061 40.
911 2047 945 2052 -
980 2029 1013 2062 4.
1039 2030 1177 2063 arbitris
1198 2038 1252 2072 pr.
1279 2031 1312 2064 M
1337 2048 1372 2054 -
1398 2032 1431 2064 5.
1457 2031 1571 2064 deinde
1593 2031 1644 2065 M:
1667 2032 1809 2072 proinde
1831 2029 2018 2064 Acidalius.
2045 2047 2082 2054 -

295 2086 327 2118 6.
353 2089 477 2118 actum.
501 2084 687 2127 Agrippina
710 2085 916 2123 Rhenanus;
946 2090 1059 2119 actum
1081 2091 1137 2119 est.
1162 2087 1348 2129 Aqrippina
1372 2085 1540 2120 Halmius.
1568 2104 1603 2111 —
1636 2087 1668 2120 8.
1689 2088 1830 2128 proinde
1853 2088 1898 2121 M.
1927 2086 2016 2120 Vide
2039 2086 2085 2120 ed

294 2144 332 2183 3,
359 2142 413 2176 47.
442 2159 477 2165 -
504 2142 535 2174 9.
560 2140 769 2182 suscipienda
790 2143 824 2176 M
850 2159 885 2166 —
913 2143 965 2175 42.
992 2144 1209 2177 concubinum
1232 2143 1461 2177 Puteolanus:
1492 2144 1708 2177 concubinam
1730 2145 1764 2177 M
1790 2162 1825 2167 —
1861 2143 1913 2176 43.
1938 2152 2031 2176 scene
2052 2143 2086 2177 M

297 2217 333 2224 —
358 2199 525 2232 Baiarum
545 2215 563 2222 -
579 2216 597 2223 -
614 2203 928 2240 praepararentur:
962 2202 1052 2233 nanc
1073 2218 1092 2224 -
1106 2218 1125 2225 -
1148 2202 1312 2242 componit
1341 2200 1556 2243 Nipperdey.
1585 2217 1619 2224 -
1654 2200 1706 2233 46.
1733 2203 1794 2233 aut
1815 2201 1868 2234 M:
1893 2203 1931 2233 at
1950 2199 2018 2233 alii.
2045 2217 2082 2225 --

296 2255 350 2289 48.
375 2254 574 2287 brittannico
597 2255 630 2288 M
657 2273 691 2279 -
720 2256 865 2295 potentie
891 2264 944 2298 pr.
970 2257 1003 2289 M
1030 2274 1065 2279 —
1097 2266 1140 2289 ac
1167 2256 1219 2290 M:
1249 2260 1285 2290 at
1314 2257 1460 2299 Lipsius.
1489 2275 1523 2280 —
1551 2257 1603 2290 49.
1627 2257 1838 2290 iudicaturus
1859 2257 1909 2290 M:
1933 2256 2087 2289 vindica-

294 2314 391 2345 turus
413 2312 586 2345 Heinsius.
615 2328 652 2335 -
678 2311 732 2345 20.
756 2312 949 2353 impotentia
971 2312 1157 2346 Acidalius.

337 2405 392 2438 24.
418 2405 542 2439 arbitri
568 2406 744 2448 sermonis]
780 2407 839 2448 qui
867 2406 914 2439 ad
944 2408 1166 2449 suspicacem

294 2457 494 2501 principem
523 2456 722 2496 deferrent,
755 2458 785 2489 si
808 2457 911 2490 nimis
935 2456 1011 2490 laxe
1036 2459 1166 2491 Burrus

296 2510 332 2541 et
362 2508 497 2540 Seneca
530 2507 686 2547 egissent
712 2505 767 2539 vel
798 2508 827 2539 si
850 2507 1038 2549 Agrippina
1063 2508 1166 2541 nimis

295 2557 429 2591 atrocia
461 2555 571 2588 verba
613 2557 765 2589 iecisset.
801 2575 836 2580 —
873 2556 1064 2599 mutantur]
1101 2558 1167 2590 Per

296 2615 445 2649 zeugma
479 2606 547 2639 hoc
581 2606 734 2639 refertur
769 2607 874 2639 etiam
910 2607 955 2639 ad
987 2616 1021 2639 v.
1058 2607 1164 2648 liberi,

297 2658 398 2700 quasi
421 2659 534 2692 esset:
568 2666 668 2690 «non
694 2657 841 2699 perinde
870 2659 1038 2699 parentes
1064 2667 1167 2690 amo·

297 2717 375 2742 rem
413 2709 448 2740 in
483 2706 616 2741 liberos
651 2708 696 2741 ad
730 2707 816 2741 alios
850 2709 1043 2741 transferre
1082 2717 1166 2750 pos-

297 2760 397 2798 sunt,
423 2766 530 2799 quam
554 2759 645 2790 cet.»
673 2776 709 2782 —-
741 2759 971 2801 novissimam]
1007 2758 1166 2791 ultimam

298 2817 380 2842 cum
410 2816 474 2849 spe
506 2807 624 2840 denuo
648 2806 777 2849 aliquid
804 2807 975 2841 lucrandi.
1000 2826 1044 2832 —-
1067 2808 1166 2850 anui]

296 2857 487 2896 invidiose:
522 2861 710 2899 vergentem
737 2859 835 2890 annis
868 2858 953 2891 dicit
982 2866 1011 2891 c.
1047 2857 1099 2890 49.
1128 2875 1163 2880 -

296 2907 490 2949 rependunt]
515 2915 578 2949 pro
602 2907 769 2940 mercede
794 2907 839 2940 ab
863 2916 933 2940 anu
949 2910 1106 2949 accepta.
1127 2924 1162 2930 -

296 2957 492 3000 parricidii]
530 2965 608 2989 ame
642 2956 701 2989 filii
734 2957 920 2991 occidendi
953 2957 1166 2991 sceleratum

299 3006 483 3041 consilium
507 3007 680 3049 cepisse.»
706 3008 761 3039 Sic
784 3007 977 3049 simplicius
993 3006 1168 3049 explican-

300 3058 386 3091 dum
413 3056 550 3096 iudico,
584 3065 691 3098 quam
723 3065 805 3089 cum
835 3056 910 3090 aliis
941 3058 1080 3099 passive
1103 3066 1167 3099 pro

300 3117 388 3141 nece
413 3116 432 3140 a
456 3106 526 3139 filio
549 3106 749 3145 toleranda,
780 3106 875 3148 quod
906 3107 1041 3139 facinus
1065 3107 1168 3140 matri

299 3159 416 3200 potius
440 3157 705 3190 miserationem
729 3156 822 3198 apud
847 3165 971 3189 omnes
988 3164 1095 3198 quam
1119 3157 1169 3188 in-

300 3208 443 3241 famiam
459 3207 668 3249 peperisset.
688 3223 723 3229 —
741 3206 952 3247 conscientia]
971 3206 1166 3239 matricidii.

303 3259 512 3291 —Baiarwm
533 3255 682 3298 suarum]
706 3254 758 3288 Ob
783 3264 825 3288 ea
848 3256 936 3297 ipsa,
963 3264 1054 3296 quae
1078 3256 1168 3289 Baiis

301 3307 517 3350 possidebat,
543 3306 733 3340 Domitiam
755 3306 877 3347 postea
901 3307 1063 3338 necatam
1088 3315 1168 3339 esse

303 3358 409 3391 tradit
429 3359 492 3390 Dio
508 3358 562 3397 64,
581 3357 641 3390 47;
667 3351 832 3390 {anavus
854 3365 895 3399 γε
918 3354 1032 3388 τοῦτο
1056 3355 1168 3399 ποιῆ-

304 3417 372 3441 σαι
401 3404 464 3440 διὰ
485 3405 534 3440 τὰ
555 3405 734 3451 κτήματα
754 3402 876 3450 αὐτῆς
900 3402 947 3438 τὰ
972 3404 1012 3438 ἐν
1034 3405 1169 3447 Βαΐαις

304 3457 369 3490 καὶ
384 3455 425 3490 ἐν
440 3455 485 3504 τῇ
497 3452 705 3498 Ῥαβεννίδι
720 3452 825 3490 ὄντα.
844 3475 877 3480 -
891 3456 1048 3498 piscinas]
1065 3456 1168 3498 Apud

1218 2408 1394 2440 Romanos
1422 2409 1525 2440 notus
1556 2408 1610 2440 est
1640 2407 1785 2440 insanus
1808 2415 1910 2439 amor
1931 2406 2086 2449 piscina-

1218 2466 1296 2490 rum
1321 2458 1500 2490 muraenis
1523 2456 1753 2495 refertarum,
1778 2456 1873 2489 unde
1886 2456 2087 2496 piscinarios

1217 2506 1418 2548 Lucullum,
1444 2507 1668 2540 Hortensium
1691 2506 1784 2539 ridet
1807 2507 1932 2540 Cicero
1954 2505 2000 2539 ad
2014 2508 2083 2540 An.

1219 2559 1250 2599 4,
1276 2558 1328 2591 49.
1358 2576 1394 2582 -
1419 2557 1611 2599 extollebat]
1635 2556 1842 2590 exstruebat
1863 2558 1899 2590 et
1921 2555 2084 2598 ornabat,

1216 2609 1256 2640 ut
1281 2609 1334 2647 44,
1359 2608 1396 2639 i:
1422 2616 1503 2648 quos
1525 2607 1668 2647 (hortos)
1691 2607 1746 2638 ille
1760 2615 1784 2639 a
1798 2607 1935 2639 Lucullo
1956 2610 2086 2647 coeptos

1216 2658 1336 2699 insiyni
1358 2658 1605 2699 magnificentia
1623 2656 1810 2690 extollebat.
1835 2655 1990 2698 intellige
2007 2665 2086 2689 ma-

1217 2708 1309 2740 xime
1333 2707 1378 2740 de
1403 2706 1594 2749 porticibus
1617 2715 1660 2739 ac
1674 2705 1844 2739 sedilibus
1860 2707 2083 2747 marmoreis,

1218 2757 1346 2799 quibus
1371 2758 1523 2799 piscinae
1540 2756 1639 2789 villae
1657 2756 1747 2788 illius
1762 2755 1970 2797 magnificae
1986 2757 2084 2798 ipsae

1218 2809 1355 2840 cinctae
1379 2809 1414 2839 et
1438 2808 1583 2840 ornatae
1601 2807 1712 2839 erant.
1733 2823 1768 2829 —
1795 2806 1930 2847 adoptio
1952 2809 1984 2838 ot
1999 2814 2085 2847 pro·

1217 2858 1393 2890 consulare
1413 2859 1466 2890 ius
1489 2861 1520 2890 et
1535 2858 1716 2899 desiynatio
1731 2856 1932 2899 consulatus]
1958 2856 2010 2890 Cf.
2029 2856 2083 2895 ⁴2,

1217 2909 1259 2941 25
1284 2910 1320 2940 et
1341 2907 1395 2941 44.
1417 2926 1453 2932 -
1472 2911 1531 2940 aut
1553 2907 1636 2949 cet.]
1662 2911 1753 2946 aaut,
1779 2908 1808 2939 si
1831 2905 1979 2949 simplex
2002 2914 2084 2940 mea

1218 2959 1356 2999 negatio
1386 2957 1495 2990 fidem
1529 2966 1599 2990 non
1634 2957 1782 2996 invenit,
1821 2957 1959 2989 exsistat
1992 2958 2083 2989 oet.-

1218 3009 1289 3041 Cic.
1315 3007 1360 3040 de
1384 3007 1492 3040 Finib.
1517 3006 1537 3040 4
1561 3007 1580 3049 S
1604 3007 1664 3039 72:
1697 3007 1764 3039 Cur
1791 3007 1913 3048 igitur,
1942 3014 2019 3039 cum
2044 3005 2085 3038 de

1216 3067 1254 3090 re
1267 3059 1459 3097 conveniat,
1483 3065 1551 3089 non
1564 3057 1731 3090 malumus
1748 3058 1870 3090 usitato
1884 3055 1998 3097 toqui?
2018 3056 2085 3088 Aut

1217 3109 1332 3141 doceat
1343 3109 1410 3140 cet.
1430 3107 1481 3141 Cf.
1497 3108 1548 3140 Fr.
1564 3107 1668 3139 Iacob
1682 3108 1716 3139 in
1729 3106 1849 3140 Philol.
1863 3105 2082 3139 schneidev.

1218 3158 1292 3190 Vol.
1318 3159 1380 3198 Vl,
1405 3167 1439 3200 p.
1466 3157 1541 3190 485.
1570 3175 1604 3181 -
1635 3158 1782 3190 cohortes
1810 3158 1847 3189 in
1867 3156 1965 3198 urbe]
1995 3154 2083 3188 Vide

1218 3209 1262 3240 ad
1287 3208 1318 3248 4,
1336 3210 1368 3241 5.
1390 3226 1424 3232 —
1442 3209 1552 3240 vivere
1566 3226 1584 3232 -
1596 3226 1616 3232 -
1627 3211 1780 3249 poteram
1789 3206 1817 3250 9]
1841 3208 1908 3240 Per
1930 3207 2084 3238 interro·

1218 3259 1395 3299 gationem
1419 3258 1509 3291 haec
1531 3257 1709 3291 efferenda
1733 3265 1813 3290 esse
1840 3257 1975 3298 primus
1996 3254 2084 3288 vidit

1220 3308 1364 3350 Lipsius.
1383 3309 1548 3341 Detracto
1565 3308 1660 3340 omni
1676 3308 1799 3339 ornatu
1815 3306 1991 3338 rhetorico
2002 3313 2084 3338 sen-

1219 3367 1279 3391 sus
1308 3358 1366 3390 hic
1393 3358 1528 3400 prodit:
1566 3359 1712 3399 «Aeque
1741 3354 1934 3388 absurdum
1961 3355 2082 3388 fuisset

1219 3409 1369 3448 crimen,
1405 3409 1435 3441 si
1466 3409 1544 3450 quis
1567 3416 1624 3440 me
1648 3406 1844 3440 Britannico
1868 3407 1976 3439 etiam
1995 3407 2082 3439 tuno

1218 3456 1384 3491 incolumi
1406 3457 1644 3492 insimulasset
1657 3465 1676 3490 a
1693 3465 1751 3489 me
1768 3447 1838 3489 tilio
1855 3463 1994 3496 necem,
2018 3455 2083 3488 im-
