2254 3770
764 245 918 289 LIBER
948 246 978 288 Ι.
1025 245 1124 303 Cap.
1154 244 1222 288 6¹¹.
1251 244 1319 288 62.
1349 244 1417 288 63.
1478 277 1481 281 .

1926 238 1981 282 53

207 357 374 401 hostem
394 355 475 405 ira,
508 352 657 398 maesti
676 350 802 396 simul
823 357 866 395 et
884 350 1036 395 infensi
1056 350 1308 396 condebant.
1348 351 1533 409 primum
1561 346 1798 394 extruendo
1817 344 1980 389 tumulo

208 431 437 490 caespitem
459 429 617 474 Caesar
635 427 794 486 posuit,
826 426 1076 484 gratissimo
1089 440 1268 470 munere
1292 427 1334 469 in
1363 426 1585 470 defunctos
1616 430 1659 468 et
1681 420 1980 481 praesentibus

207 505 365 550 doloris
394 504 551 549 socius.
600 502 716 561 quod
746 500 914 545 Tiberio
952 501 1055 545 haut
1089 501 1337 559 probatum,
1375 515 1453 545 seu
1488 505 1640 544 cuncta
1670 496 1908 542 Germanici
1938 496 1980 538 in

205 580 394 625 deterius
422 578 620 629 trahenti,
652 578 743 622 sive
772 577 1007 621 exercitum
1035 576 1218 634 imagine
1238 590 1464 620 caesorum
1482 573 1878 633 insepultorumque
1897 576 1983 614 tar-

203 655 348 700 datum
377 654 430 698 ad
459 653 623 713 proelia
651 659 694 697 et
720 651 1106 695 formidolosiorem
1124 650 1311 695 hostium
1329 651 1551 701 credebat,
1581 662 1725 707 neque
1753 648 2013 705 imperato-5

203 745 295 775 rem
330 734 538 788 auguratu
576 734 619 773 et
656 726 956 772 vetustissimis
993 727 1263 771 caerimoniis
1299 726 1541 786 praeditum
1570 725 1808 769 adtrectare
1837 720 1983 766 feralia

202 806 418 850 debuisse.
468 804 550 861 (63)
581 803 660 848 sed
681 802 959 847 Germanicus
989 802 1214 846 cedentem
1243 802 1286 845 in
1315 802 1412 846 avia
1430 801 1664 845 Arminium
1684 804 1876 848 secutus,
1906 796 1980 839 ubi

202 882 384 940 primum
429 879 551 937 copia
588 878 685 929 fuit,
735 877 858 921 evehi
896 877 1064 935 equites
1102 891 1388 935 campumque
1428 891 1558 935 quem
1594 874 1728 919 hostis
1765 872 1984 917 insederat

202 956 309 1014 eripi
344 955 474 999 iubet.
532 953 744 997 Arminius
780 952 920 1010 colligi
950 966 1052 996 suos
1087 959 1130 997 et
1166 953 1456 1011 propinquare
1500 951 1618 995 silvis
1646 949 1830 993 monitos
1858 947 1983 991 vertit

202 1037 397 1089 repente3
426 1043 526 1073 mox
554 1029 721 1086 signum
751 1028 1056 1086 prorumpendi
1077 1027 1194 1072 dedit
1222 1028 1275 1071 iis
1295 1042 1405 1086 quos
1430 1041 1510 1085 per
1529 1026 1661 1070 saltus
1682 1023 1979 1068 occultaverat.
1995 1034 2031 1064 ιο

201 1112 302 1151 tunc
339 1119 451 1150 nova
486 1105 578 1149 acie
612 1104 805 1147 turbatus
835 1117 989 1162 eques;
1030 1103 1275 1162 missaeque
1305 1102 1588 1147 subsidiariae
1619 1100 1817 1145 cohortes
1847 1105 1890 1143 et
1917 1098 1982 1141 fu-

202 1181 402 1241 gientium
432 1180 599 1239 agmine
628 1178 836 1236 impulsae
871 1185 1078 1222 auxerant
1106 1179 1510 1227 consternationem,
1541 1176 1907 1233 trudebanturque
1939 1173 1983 1217 in

202 1257 401 1316 paludem
422 1269 596 1314 gnaram
615 1254 899 1304 vincentibus,
931 1255 1118 1312 iniquam
1148 1254 1322 1302 nesciis,
1353 1254 1396 1297 ni
1418 1254 1578 1298 Caesar
1595 1251 1826 1310 productas
1850 1250 1984 1308 legio-

202 1347 280 1377 nes
308 1330 587 1375 instruxisset.
630 1329 730 1373 inde
760 1329 953 1374 hostibus
982 1336 1137 1380 terror,
1167 1329 1326 1374 fiducia
1354 1329 1495 1382 militi;
1534 1334 1576 1372 et
1603 1327 1801 1371 manibus
1830 1326 1981 1384 aequis

202 1408 465 1453 abscessum.
503 1419 603 1449 mox
630 1405 809 1450 reducto
838 1405 892 1449 ad
921 1405 1122 1449 Amisiam
1151 1405 1340 1449 exercitu
1369 1404 1561 1463 legiones
1590 1403 1745 1455 classe,
1775 1409 1823 1446 ut
1850 1402 2030 1446 {idve-⁴⁵

244 1524 277 1556 5.
298 1521 430 1564 praelia
451 1520 485 1553 M
509 1538 545 1543 —
571 1519 604 1552 8.
628 1519 733 1552 hostes
754 1528 807 1562 pr.
832 1520 867 1553 Μ
891 1538 927 1543 -
959 1521 1012 1553 42.
1036 1522 1312 1553 consternationem
1334 1528 1387 1562 pr.
1411 1520 1446 1554 M
1473 1537 1507 1543 -
1539 1519 1592 1552 45.
1617 1518 1983 1561 leyiones--reportat

201 1580 321 1623 spuria
343 1577 466 1611 censet
486 1575 708 1619 Nipperdey;
733 1576 798 1610 sed
819 1577 899 1609 vide
923 1578 1094 1610 Ritterum
1115 1577 1159 1610 ad
1184 1587 1215 1611 c.
1240 1578 1294 1610 70.

202 1682 291 1714 Nam
301 1678 346 1711 de
360 1676 444 1711 solis
456 1685 630 1718 equorum
647 1676 822 1719 capitibus
834 1676 987 1710 verbum
1005 1686 1068 1710 ora

202 1729 451 1771 usurpaturum
475 1726 582 1759 fuisse
605 1727 763 1759 Tacitum
785 1735 855 1760 non
879 1727 1000 1760 credo.
1028 1744 1063 1750 —

202 1780 366 1813 barbarae
393 1777 485 1819 arae]
517 1775 689 1810 barbaras
718 1779 839 1817 vocat,
872 1779 907 1810 in
938 1777 1067 1819 quibus

204 1830 306 1864 foedo
329 1830 435 1869 atque
458 1827 604 1860 immani
630 1827 698 1859 ritu
721 1827 882 1860 homines
904 1826 1069 1860 immola-

203 1880 294 1912 rant.
320 1877 371 1911 Cf.
398 1876 450 1916 43,
472 1876 513 1909 57
537 1875 581 1908 de
605 1877 872 1910 Hermunduris.
898 1878 1014 1910 Germ.
1033 1876 1065 1909 9,

204 1926 395 1962 lornandes
418 1926 526 1958 Getic.
546 1927 579 1958 5.
605 1935 638 1968 p.
664 1926 727 1958 495
750 1927 895 1960 Murat.:
925 1928 1069 1960 Martem

205 1980 301 2013 Gothi
333 1982 459 2018 semper
492 1977 678 2017 asperrima
702 1978 884 2018 placavere
915 1978 1068 2016 matura,-

202 2041 282 2064 nam
313 2030 469 2062 victimae
501 2029 572 2061 eius
607 2031 729 2061 mortes
761 2029 855 2073 fuel-e
882 2032 1067 2070 captorum,

202 2083 373 2123 opinantes
400 2079 559 2111 bellorum
581 2080 771 2120 praesulem
796 2080 907 2121 aptius
932 2079 1070 2112 humani

202 2131 375 2174 sanguinis
403 2130 560 2171 effusione
582 2130 798 2171 placandum.
837 2130 940 2172 Apud
972 2130 1068 2163 Cim-

201 2182 287 2215 bros
316 2182 406 2214 teste
435 2179 607 2212 Strabone
630 2180 661 2212 7.
696 2189 729 2221 p.
755 2179 830 2213 294.
863 2179 1068 2213 sacerdotes

203 2233 354 2266 feminae
384 2230 542 2272 captivos
569 2229 774 2263 mactabant
796 2231 831 2263 et
854 2239 874 2262 e
896 2231 1067 2272 sanguine

201 2283 237 2315 in
260 2282 433 2314 crateram
456 2279 533 2312 fuso
556 2288 658 2313 suam
681 2279 861 2320 quandam
879 2279 1068 2321 captabant

202 2331 465 2364 divinationem.
498 2329 548 2363 Cf.
568 2331 702 2362 Grimm
718 2330 916 2371 Mymoloqie
931 2330 988 2362 ed.
1006 2328 1064 2362 alt.

202 2391 236 2424 p.
254 2381 308 2414 38.
333 2380 394 2422 qui
412 2379 514 2412 affert
528 2379 796 2412 memorabilem
810 2380 940 2412 Sidonii
956 2378 1065 2421 Apoll.

201 2432 320 2465 locum
342 2431 380 2469 8,
406 2429 444 2462 6;
476 2431 549 2464 Mos
576 2433 624 2462 est
651 2429 844 2462 Saoeonibus
871 2430 1070 2462 remeaturis

202 2483 363 2516 decimum
407 2489 566 2521 quemque
603 2484 777 2522 captorum
814 2489 878 2521 per
913 2480 1070 2521 aequales

204 2533 295 2576 (quia
317 2530 525 2564 mactandos
547 2530 795 2572 sortiebantur)
824 2534 856 2564 et
882 2531 1070 2563 cruciarias

196 2590 338 2624 poenae,
357 2582 438 2622 plus
458 2580 498 2612 ob
518 2580 580 2612 hoc
601 2580 704 2620 tristi,
733 2581 821 2620 quod
842 2580 1068 2621 superstitioso

200 2633 272 2664 ritu
291 2639 419 2664 necare.
450 2648 483 2654 —-
515 2630 638 2672 infelici
659 2629 810 2671 deoetcra]
837 2631 902 2662 Dio
925 2630 979 2669 56,
1004 2630 1063 2661 2⁴:

202 2676 302 2714 ὥστε
330 2677 398 2713 τὸν
427 2675 578 2727 Οὔαρον
604 2679 670 2712 καὶ
698 2677 789 2720 τοὺς
814 2675 954 2723 ἄλλους
975 2676 1067 2720 τοὺς

201 2727 505 2776 λογιμωτάτους,
535 2729 783 2773 φοβηθέντας
803 2727 859 2772 μὴ
883 2724 970 2773 ἦτοι
996 2731 1066 2771 ζω-

200 2781 395 2829 γρηθῶσιν
418 2776 445 2823 ἢ
466 2781 531 2813 καὶ
554 2777 649 2826 πρὸς
669 2779 744 2812 τῶν
764 2779 953 2819 ἐχθίστων
967 2776 1067 2812 ἀπο-

200 2829 350 2864 θάνωσι
372 2830 451 2873 (καὶ
470 2827 543 2876 γὰρ
558 2831 784 2876 τετρωμένοι
799 2823 930 2872 ἦσαν),
955 2825 1067 2876 ἔργον

200 2878 324 2914 δεινὸν
345 2879 429 2923 μέν,
453 2875 665 2923 ἀναγκαῖον
686 2878 727 2912 δὲ
749 2879 960 2923 τολμῆσαι·
995 2876 1067 2912 αῦ-

201 2931 261 2964 τοὶ
283 2927 356 2976 γὰρ
370 2926 532 2970 ἑαυτοὺς
546 2926 782 2963 ἀπέκτειναν.
806 2930 932 2971 Infelici
946 2931 1067 2963 autem

201 2979 336 3023 explica
365 2981 454 3022 «ipsi
477 2981 570 3012 Varo
599 2989 738 3013 summa
761 2981 796 3013 in
819 2980 1066 3021 desperatione

201 3032 356 3064 mortem
375 3030 581 3070 afferenti;›»
606 3031 810 3072 neutiquam
826 3039 929 3070 vero,
954 3032 994 3062 ut
1008 3039 1068 3062 vo-

201 3079 277 3113 lunt
298 3078 354 3112 alii
380 3081 615 3121 provocantes
646 3080 690 3112 ad
712 3081 751 3119 2,
777 3080 819 3113 46
848 3084 915 3112 tres
942 3087 1069 3111 vacuas

202 3130 358 3171 hymnos,
386 3128 538 3161 «infelici
560 3130 735 3162 exercitus
750 3129 952 3170 reliquiis»;
978 3136 1067 3170 quas

203 3179 347 3221 quidem
376 3179 507 3218 Varus,
539 3180 674 3212 etiamsi
703 3179 793 3211 cladi
822 3178 1064 3220 superfuisset,

203 3236 329 3269 parum
352 3229 507 3261 iuvisset.
534 3246 569 3251 —
589 3228 755 3270 patibula]
780 3229 814 3260 h.
837 3227 859 3260 l.
880 3227 1068 3260 manifesto

206 3277 348 3318 Galqen,
371 3278 490 3319 yibets,
515 3279 782 3312 usitatissimum
804 3277 898 3320 apud
921 3279 1068 3311 Germa-

205 3334 271 3358 nos
288 3327 508 3370 supplicium.
534 3330 676 3362 Orosius
692 3330 724 3367 5,
744 3328 804 3361 46:
828 3328 973 3360 hornines
989 3329 1069 3369 (Ro-

207 3377 310 3417 mani)
333 3377 460 3419 laqueis
489 3380 572 3413 collo
597 3379 710 3411 inditis
731 3387 776 3411 ex
800 3378 974 3412 arboribus
994 3387 1069 3411 sus-

1110 1678 1206 1719 pensi
1228 1680 1306 1710 sunt
1328 1678 1359 1719 (a
1383 1675 1560 1716 Cimbris).
1586 1674 1649 1708 Alii
1680 1673 1758 1707 coll.
1775 1673 1885 1708 Plaut.
1910 1674 1979 1708 Mil.

1118 1728 1162 1770 gl.
1179 1729 1217 1769 2,
1243 1727 1281 1768 4,
1306 1729 1326 1760 7
1350 1727 1517 1769 (dispessis
1529 1725 1683 1758 manibus
1694 1725 1886 1767 patibulum
1908 1734 1982 1758 cum

1115 1779 1260 1821 habebis)
1283 1778 1327 1811 de
1351 1779 1465 1811 crucis
1487 1778 1604 1819 potius
1626 1775 1796 1818 supplicio
1816 1777 1981 1818 cogitant.

1118 1847 1155 1853 -
1180 1828 1319 1870 scrobes]
1343 1830 1378 1861 in
1402 1828 1531 1870 quibus
1549 1828 1696 1860 Romani
1712 1828 1894 1860 Germanis
1910 1836 1984 1860 ma-

1116 1881 1211 1914 xime
1243 1880 1346 1913 invisi
1379 1879 1448 1911 vivi
1478 1878 1749 1911 defoderentur:
1785 1879 1901 1911 Germ.
1927 1878 1980 1910 42.

1115 1930 1191 1965 Noli
1206 1939 1290 1963 cum
1305 1928 1379 1962 aliis
1395 1927 1586 1969 intelligere
1596 1954 1604 1967 ,
1629 1928 1663 1960 in
1679 1936 1768 1970 quas
1782 1929 1982 1961 occisorum

1117 1981 1289 2014 cadavera
1313 1979 1570 2018 afflicerentur-3
1600 1979 1731 2011 etenim
1755 1987 1878 2012 eorum
1901 1987 1983 2011 ossa

1116 2039 1182 2073 per
1213 2029 1372 2063 medium
1406 2037 1572 2070 campum
1606 2028 1765 2072 dispersa
1795 2028 1909 2068 crant,
1946 2028 1983 2060 et

1117 2089 1207 2121 quos
1230 2080 1424 2112 mactarent
1445 2077 1500 2110 vel
1523 2079 1557 2110 in
1582 2077 1745 2120 patibulis
1768 2079 1882 2111 morte
1899 2077 1982 2110 affe-

1117 2131 1256 2169 cerant,
1282 2130 1337 2161 vix
1360 2127 1567 2170 sepelivere.

1161 2181 1214 2213 62.
1246 2180 1304 2220 qui
1331 2178 1459 2219 aderat]
1490 2178 1622 2211 Aberat
1648 2187 1682 2210 v.
1714 2187 1746 2211 c.
1777 2178 1980 2215 Stertinius;

1117 2232 1214 2272 grata
1243 2230 1362 2261 autem
1389 2228 1543 2270 quadam
1572 2227 1781 2269 negligentia
1813 2228 1984 2269 repetitur

1117 2290 1160 2313 ex
1190 2280 1284 2312 initio
1310 2277 1557 2320 praecedentis
1582 2278 1717 2319 capitis.
1745 2296 1782 2301 —
1811 2279 1985 2319 auquratu

1116 2334 1148 2363 et
1173 2329 1402 2362 vetustissimis
1430 2326 1650 2368 caerimoniis]
1686 2328 1757 2360 iam
1785 2335 1806 2359 a
1835 2325 1982 2359 Romulo

1116 2383 1151 2414 in
1181 2379 1366 2413 condenda
1395 2378 1485 2411 urbe
1508 2378 1669 2414 servatis.
1704 2378 1791 2411 Sunt
1813 2377 1984 2410 caerimo-

1116 2433 1213 2472 niae,
1247 2438 1338 2472 quae
1368 2429 1561 2462 adhaerent
1583 2429 1784 2470 auguratui,
1816 2436 1882 2460 nec
1905 2427 1984 2459 vio-

1116 2482 1242 2515 landae
1279 2481 1389 2513 erant.
1445 2478 1495 2512 Cf.
1533 2479 1659 2512 Inscrr.
1696 2479 1785 2511 Latt.
1828 2487 1862 2510 n.
1894 2477 1979 2510 656:

1117 2533 1314 2566 Gramma-o
1337 2531 1479 2563 CAESAR!
1502 2529 1550 2561 T1.
1574 2528 1655 2561 Are.
1680 2529 1716 2562 F'.
1734 2530 1816 2562 Dm
1836 2528 1917 2560 Arc.
1935 2528 1980 2560 N.

1115 2585 1196 2616 Dm
1216 2583 1300 2615 Ιηιι
1320 2583 1419 2614 ΡκοΝ.
1435 2579 1601 2622 Aranni).
1628 2579 1703 2613 Cos.
1721 2580 1924 2612 [nemnem
1937 2578 1980 2610 11.

1115 2634 1204 2676 (Cos.
1222 2633 1262 2664 II.
1280 2633 1437 2676 Ιιρειιᾼτ.
1468 2631 1666 2664 Mommsen
1690 2631 1714 2662 Ι.
1734 2631 1772 2663 R.
1795 2630 1837 2662 N.
1860 2639 1895 2662 n.
1913 2629 1981 2669 84.)

1117 2683 1167 2716 Cf.
1194 2692 1228 2715 n.
1247 2681 1344 2715 3064.
1363 2680 1460 2713 5380.
1482 2699 1518 2703 —
1543 2681 1729 2712 adtrectare
1748 2678 1881 2720 feralia]
1898 2679 1984 2710 Sue-

1116 2735 1189 2766 ton.
1216 2731 1323 2773 Calig.
1342 2731 1380 2764 3:
1405 2731 1571 2772 dispersas
1590 2731 1753 2771 reliquias
1766 2747 1816 2754 --
1830 2730 1984 2771 colliqere

1115 2792 1180 2816 sua
1200 2790 1306 2814 manu
1319 2784 1351 2813 et
1366 2783 1573 2821 comportare
1582 2781 1717 2821 primus
1730 2788 1908 2822 aggressus
1921 2781 1980 2811 est.

1117 2833 1219 2864 «Non
1253 2838 1404 2871 augures
1438 2829 1570 2870 solum,
1612 2829 1677 2862 sed
1716 2829 1899 2871 pontifices
1933 2828 1979 2867 et,

1117 2883 1257 2925 opinor,
1283 2889 1408 2913 omnes
1431 2879 1637 2913 sacerdotes
1661 2880 1875 2912 arcebantur
1897 2887 1915 2910 a
1932 2878 1983 2910 fu—

1117 2932 1238 2964 nestis.
1271 2931 1426 2972 Apparet
1449 2939 1491 2962 ex
1514 2929 1607 2962 facto
1622 2930 1766 2971 Augusti
1789 2931 1824 2962 et
1840 2927 1980 2965 Tiberii,

1117 2981 1176 3022 qui
1210 2978 1289 3011 velo
1322 2979 1528 3021 interposito
1563 2980 1722 3012 mortuos
1755 2977 1980 3011 laudabant.-

1118 3032 1203 3062 L1Ps.

1161 3079 1213 3111 63.
1239 3078 1334 3119 eripi]
1364 3079 1491 3120 raptim
1522 3087 1697 3121 occupare
1731 3078 1837 3119 atque
1860 3076 1981 3108 hostes

1118 3129 1200 3162 inde
1229 3128 1372 3171 pellere.
1410 3129 1490 3162 Mihi
1517 3128 1657 3161 videtur
1677 3125 1889 3161 vocabulum
1912 3126 1982 3158 mi·-

1116 3178 1216 3212 litare
1245 3188 1379 3221 neque,
1410 3179 1460 3211 uti
1490 3178 1562 3211 volt
1584 3180 1610 3211 I.
1634 3179 1688 3211 Fr.
1715 3177 1927 3215 Gronovius,
1959 3185 1980 3209 e

1118 3229 1211 3261 circo
1234 3230 1399 3271 petitum,
1431 3228 1732 3270 quemadmodum
1762 3227 1815 3259 est
1837 3233 1922 3259 sane
1945 3225 1981 3258 in

1117 3277 1244 3312 Dioclis
1274 3279 1449 3320 agitatoris
1482 3278 1708 3320 inscriptione
1737 3275 1831 3318 apud
1855 3275 1981 3308 Grute-

1117 3337 1196 3361 rum
1226 3338 1261 3371 p.
1286 3328 1367 3362 337:
1399 3337 1532 3361 amrm-
1558 3336 1602 3360 ΕΤ
1631 3335 1727 3360 Πσιτ.
1763 3344 1799 3350 -
1828 3325 1982 3358 manibus

1116 3378 1242 3421 aequis]
1266 3387 1379 3423 aequo
1401 3380 1528 3420 Marte,
1553 3379 1626 3411 sive
1649 3378 1688 3412 ut
1709 3377 1824 3410 Livius
1846 3376 1900 3418 34,
1917 3375 1975 3411 47:
