2254 3770
665 271 827 318 LIBER
847 274 930 318 XV.
975 273 1076 331 Cap.
1108 274 1178 317 55.
1209 274 1277 318 56.
1307 275 1374 318 57.
1831 274 1912 317 529

132 387 338 437 utrosque
369 379 414 423 C.
434 380 601 424 Pisonis
630 380 811 423 intimos.
854 380 935 436 (56)
965 393 1068 436 ergo
1098 380 1260 424 accitur
1285 379 1458 431 Natalis,
1490 387 1533 424 et
1551 379 1710 422 diversi
1735 378 1913 422 interro-

118 450 293 513 gantur,
324 454 520 512 quisnam
550 455 586 498 is
617 468 778 506 sermo,
810 468 897 512 qua
925 456 980 498 de
1010 468 1057 498 re
1086 454 1245 498 fuisset.
1278 463 1366 498 tum
1395 461 1539 498 exorta
1571 453 1779 511 suspicio,
1812 455 1914 511 quia

132 544 217 574 non
237 531 514 587 congruentia
533 530 863 588 responderant3
884 529 1104 587 inditaque
1125 529 1274 573 vincla.
1305 537 1348 573 et
1368 536 1673 574 tormentorum
1692 536 1914 586 aspectum

131 619 183 649 ac
221 605 356 648 minas
395 619 479 648 non
520 604 667 648 tulere.
712 606 831 662 prior
866 611 1007 648 tamen
1043 603 1220 655 Natalis,
1267 605 1394 648 totius
1424 604 1749 662 conspirationis
1778 604 1913 660 magis

131 693 308 737 gnarus,
339 679 463 723 simul
493 680 697 738 arguendi
729 680 916 737 peritior,
949 679 1004 723 de
1034 680 1188 723 Pisone
1210 680 1391 736 primum
1412 679 1575 731 fatetur,
1608 678 1764 723 deinde
1785 678 1944 722 adicit5

130 757 349 798 Annaeum
379 755 607 807 Senecam,
641 755 732 798 sive
761 755 1043 797 internuntius
1072 754 1181 798 inter
1207 768 1306 798 eum
1326 756 1613 812 Pisonemque
1632 755 1724 803 fuit,
1757 754 1847 797 sive
1867 761 1913 796 ut

132 830 312 874 Neronis
342 830 520 887 gratiam
550 836 737 887 pararet,
770 830 842 887 qui
875 829 1062 873 infensus
1092 830 1283 873 Senecae
1305 843 1454 874 omnes
1473 830 1526 873 ad
1548 844 1647 873 eum
1667 829 1912 887 opprimen-

129 905 231 948 dum
269 912 383 949 artes
423 904 715 963 conquirebat.
759 911 848 947 tum
889 905 1057 961 cognito
1086 904 1243 948 Natalis
1272 904 1429 948 indicio
1459 905 1694 948 Scaevinus
1723 918 1909 962 quoque,

127 981 218 1038 pari
247 980 535 1031 inbecillitate,
567 994 620 1023 an
650 986 802 1023 cuncta
830 979 914 1023 iam
939 979 1148 1037 patefacta
1167 979 1349 1023 credens
1369 994 1448 1023 nec
1468 979 1599 1022 ullum
1620 979 1773 1023 silentii
1793 994 1912 1023 emo-

127 1055 378 1107 lumentum,
411 1055 545 1099 edidit
575 1061 755 1099 ceteros.
796 1069 848 1098 ex
877 1054 1034 1112 quibus
1062 1055 1259 1098 Lucanus
1290 1055 1630 1112 Quintianusque
1659 1062 1700 1098 et
1729 1055 1911 1098 Senecio
1924 1065 1960 1095 ιο

127 1130 201 1174 diu
231 1131 443 1175 abnuere:
485 1138 581 1188 post
610 1133 822 1188 promissa
851 1130 1083 1188 inpunitate
1112 1131 1317 1187 corrupti,
1350 1144 1436 1188 quo
1466 1130 1706 1173 tarditatem
1735 1144 1912 1174 excusa—

127 1213 239 1258 rent,
273 1208 468 1250 Lucanus
488 1206 674 1257 Aciliam,
697 1213 876 1249 matrem
896 1219 1029 1256 suam,
1057 1206 1310 1258 Quintianus
1331 1204 1501 1248 Glitium
1521 1205 1697 1256 Gallum,
1729 1206 1910 1249 Senecio

127 1282 309 1324 Annium
327 1281 579 1332 Pollionem,
612 1281 845 1324 amicorum
865 1281 1134 1338 praecipuos,
1166 1281 1452 1324 nominavere.
1491 1281 1571 1336 (57)
1594 1287 1722 1338 atque
1742 1281 1909 1324 interim

126 1358 238 1400 Nero
274 1356 524 1400 recordatus
554 1356 713 1400 Volusii
741 1353 922 1399 Proculi*
946 1355 1102 1400 indicio
1133 1356 1357 1414 Epicharin
1387 1356 1552 1399 attineri
1583 1352 1788 1413 ratusque
1818 1370 1911 1398 mu-

126 1430 259 1475 liebre
290 1446 447 1489 corpus
476 1432 613 1489 impar
642 1431 778 1474 dolori
810 1432 1028 1475 tormentis
1058 1431 1280 1475 dilacerari
1316 1432 1444 1475 iubet.
1486 1438 1528 1474 at
1556 1430 1669 1474 illam
1699 1445 1783 1474 non
1816 1443 1959 1474 ver-⁴5

126 1505 243 1560 bera,
274 1521 358 1550 non
383 1507 515 1564 ignes,
538 1508 622 1550 non
644 1507 705 1550 ira
726 1520 778 1550 eo
800 1506 940 1550 acrius
962 1507 1261 1565 torquentium,
1293 1520 1347 1550 ne
1368 1520 1393 1550 a
1419 1506 1572 1550 femina
1593 1513 1908 1564 spernerentur,

126 1582 368 1639 pervicere,
401 1582 503 1640 quin
535 1582 703 1625 obiecta
733 1581 974 1638 denegaret.
1022 1582 1085 1625 sic
1114 1582 1276 1639 primus
1306 1581 1569 1639 quaestionis
1599 1581 1692 1624 dies
1722 1589 1911 1625 contem-

124 1664 235 1714 ptus.
280 1663 454 1714 postero
494 1671 592 1701 cum
629 1657 684 1700 ad
720 1656 898 1700 eosdem
933 1657 1148 1702 cruciatus
1188 1655 1477 1700 retraheretur
1515 1657 1748 1714 gestamine
1779 1656 1912 1700 sellae

127 1732 239 1788 (nam
269 1732 487 1776 dissolutis
517 1732 721 1776 membris
749 1733 943 1776 insistere
963 1733 1201 1790 nequibat),
1233 1731 1372 1776 vinclo
1392 1731 1566 1783 fasciae,
1598 1745 1728 1789 quam
1748 1732 1909 1789 pectori

127 1807 387 1858 detraxerat,
420 1808 462 1850 in
491 1807 667 1851 modum
695 1807 836 1866 laquei
867 1807 921 1851 ad
951 1821 1098 1852 arcum
1128 1806 1259 1851 sellae
1289 1808 1483 1851 restricto
1514 1806 1665 1850 indidit
1684 1807 1960 1859 cervicem,20

126 1889 170 1926 et
200 1883 392 1940 corporis
421 1883 614 1941 pondere
643 1884 789 1927 conisa
818 1890 990 1926 tenuem
1018 1883 1103 1926 iam
1132 1882 1327 1940 spiritum
1355 1882 1586 1940 expressit,
1627 1881 1806 1926 clariore
1837 1896 1911 1926 ex-

127 1957 269 2015 emplo
299 1958 494 2001 libertina
521 1957 676 2001 mulier
704 1958 748 2000 in
778 1964 891 2001 tanta
919 1958 1173 2002 necessitate
1204 1957 1367 2001 alienos
1397 1971 1448 2002 ac
1472 1971 1607 2015 prope
1628 1958 1793 2015 ignotos
1811 1972 1911 2015 pro-

127 2018 329 2090 tegendo,
362 2047 460 2077 cum
489 2033 661 2091 ingenui
691 2040 734 2077 et
762 2034 839 2076 viri
866 2027 912 2077 'et
940 2033 1107 2091 equites
1130 2035 1175 2077 R.
1197 2039 1505 2090 senatoresque
1528 2033 1669 2077 intacti
1692 2033 1911 2076 tormentis

192 2159 222 2190 4.
247 2158 287 2191 G.
313 2159 348 2191 Μ
373 2176 409 2182 -
435 2159 467 2191 2.
494 2167 562 2201 qua
585 2161 630 2192 G:
663 2160 779 2204 queM
806 2178 841 2183 —
874 2160 906 2192 6.
933 2169 1078 2193 anneum
1099 2161 1132 2194 M
1158 2177 1194 2184 -
1221 2159 1432 2192 sibe—-sibe
1453 2160 1485 2192 M
1512 2177 1547 2183 -
1573 2160 1605 2191 7.
1629 2159 1856 2199 oprimendum
1878 2160 1911 2193 Μ

126 2231 161 2237 -
189 2214 222 2246 9.
245 2215 478 2247 inueecillitate
501 2215 575 2258 (sic)
599 2216 633 2248 M
659 2233 694 2239 -
722 2216 774 2249 40.
801 2216 1063 2258 Quintianusque
1085 2217 1240 2258 Lipsius:
1267 2216 1542 2257 quintilienusque
1555 2214 1629 2257 (sic)
1645 2216 1679 2248 Μ
1702 2233 1737 2238 -
1766 2215 1818 2248 42.
1834 2215 1912 2248 Aci-

122 2270 204 2302 liam
225 2269 437 2304 Puteolanus
461 2270 549 2311 (coll.
569 2272 622 2311 45,
641 2272 714 2312 w:
740 2272 869 2305 atillam
892 2273 925 2306 M
951 2290 984 2297 —
1012 2272 1229 2313 quintilianus
1250 2272 1283 2305 M
1309 2287 1346 2295 —
1373 2271 1427 2304 43.
1444 2271 1647 2313 praecipuos
1670 2271 1714 2302 G:
1735 2272 1913 2317 praecipuq

122 2327 157 2359 M
182 2344 215 2350 -
245 2326 298 2359 ⁴⁴».
315 2327 469 2368 apichari
491 2328 543 2366 M;
570 2328 761 2369 Epicharin»
777 2327 946 2361 Halmius.
966 2346 1002 2351 —
1028 2330 1082 2361 45.
1108 2329 1262 2360 tormenti
1277 2329 1310 2361 M
1327 2329 1472 2360 —iuuet
1494 2328 1625 2360 atillam
1647 2328 1679 2360 M
1697 2344 1731 2350 —
1760 2328 1811 2360 47.
1830 2336 1912 2370 que-

120 2382 237 2415 stionis
259 2383 292 2415 M
318 2401 352 2406 —
379 2383 432 2416 49.
456 2383 569 2424 fuscae
591 2385 625 2417 M
650 2402 684 2406 —
709 2385 765 2417 2⁴.
783 2386 940 2426 eaeprexit
960 2385 995 2418 M
1010 2402 1046 2407 —
1069 2384 1123 2417 23.
1141 2384 1258 2417 intacti
1272 2384 1352 2418 cod.
1369 2383 1550 2426 Agricolae
1567 2386 1603 2417 et
1618 2382 1693 2416 alii:
1717 2385 1850 2417 intactis
1863 2384 1908 2417 M.

120 2501 199 2533 vino
223 2501 382 2534 dissoluta
398 2501 484 2533 luoeu
497 2510 588 2534 mens
602 2504 632 2534 et
639 2501 782 2542 proinde
795 2503 868 2534 vita
882 2512 995 2536 somno

123 2550 340 2592 lanquida.-—
357 2551 450 2583 iussu
463 2551 533 2593 suo]
551 2550 626 2584 scil.
644 2560 789 2593 parasse
802 2551 992 2585 Milichum.

127 2619 164 2626 -
182 2603 220 2633 ut
241 2600 370 2633 labaret
391 2601 564 2643 indicium]
590 2603 655 2633 «ut
676 2601 747 2634 fide
769 2602 824 2634 vix
849 2602 994 2644 dignum

125 2652 196 2684 iam
217 2650 433 2697 videretur».
454 2668 489 2674 —
515 2655 641 2684 secreta
663 2652 868 2694 collocutum]
892 2652 991 2685 Ovid.

124 2701 267 2734 Metam.
292 2700 331 2741 4,
361 2700 444 2734 224:
480 2701 583 2734 matri
615 2705 740 2734 secreta
772 2702 927 2742 loquenti.
955 2719 991 2726 —

125 2749 162 2783 C.
177 2750 313 2791 Pisonis]
338 2751 409 2783 iam
431 2750 568 2783 dudum
590 2752 718 2784 Neroni
739 2753 907 2794 suspecti.
941 2752 992 2785 Cf.

168 2849 224 2881 56.
249 2850 413 2891 arguendi
428 2850 584 2892 peritior]
609 2851 669 2892 qui
691 2850 816 2884 melius
835 2852 991 2892 noverat,

125 2897 254 2940 quibus
288 2898 490 2933 hominibus
527 2900 655 2933 indicio
693 2907 758 2933 suo
793 2900 993 2934 deserendis

126 2948 258 2981 Neroni
288 2951 427 2989 gratum
450 2949 570 2982 facere
593 2959 636 2982 ac
658 2949 725 2983 sibi
746 2950 855 2982 fidem
879 2951 915 2982 et
936 2959 993 2983 sa-

125 2995 236 3030 lutem
258 3005 383 3039 parare
406 3001 540 3040 posset.
559 3016 596 3022 —
613 3000 764 3042 Aciliam]
788 3001 995 3041 Anonymus

127 3048 186 3079 vit.
212 3047 365 3080 Lucani:
390 3052 535 3081 matrem
555 3048 670 3081 habuit
692 3053 722 3082 et
742 3050 887 3091 regionis
908 3050 995 3081 eius-

126 3097 202 3129 dem
215 3100 249 3130 et
263 3097 356 3130 urbis
368 3097 578 3139 (Cordubae)
590 3099 731 3132 Aciliam
744 3100 887 3139 nomine,
900 3098 996 3131 Acilii

125 3146 255 3179 Lucani
275 3148 401 3189 fliam,
425 3149 571 3180 oratoris
592 3149 684 3189 apud
701 3149 914 3189 proconsules
925 3148 995 3189 fre-

128 3196 255 3236 quentis
268 3205 337 3236 —-,·
360 3197 454 3230 cuius
475 3206 652 3239 coymmwn
673 3198 748 3230 huic
769 3199 911 3230 inditum
930 3207 996 3239 ap-

126 3249 235 3286 paret.
255 3263 292 3269 —
318 3246 456 3279 Glitium
479 3247 621 3289 Gallum]
645 3247 732 3280 Vide
757 3247 803 3280 ad
826 3256 857 3280 c.
882 3248 936 3280 74.
956 3264 992 3269 -

129 3295 273 3328 Annium
294 3296 480 3339 Pollionem]
505 3297 606 3329 Annii
628 3296 789 3330 Pollionis
813 3297 856 3338 (6,
881 3297 932 3338 9),
957 3299 997 3329 ut

130 3343 281 3384 videtur,
306 3348 485 3388 nepotem.
518 3346 568 3379 Cf.
595 3355 626 3378 c.
652 3347 704 3378 74.
731 3347 784 3386 46,
810 3346 863 3379 30,

175 3393 229 3426 57.
258 3394 379 3427 Volusii
404 3395 535 3429 &oculi
562 3396 683 3428 indicio
711 3396 892 3437 Epicharin
914 3396 996 3429 alti-

203 3454 345 3489 TAmrus
366 3457 393 3490 l.

1042 2502 1126 2544 neri]
1150 2503 1238 2535 Vide
1255 2511 1286 2535 c.
1304 2503 1359 2535 54.
1380 2519 1415 2525 -
1437 2502 1540 2544 iqnes]
1563 2501 1715 2535 laminae
1731 2501 1909 2534 ardentes.

1043 2554 1107 2586 Dio
1131 2554 1190 2592 62,
1214 2553 1275 2585 27:
1298 2548 1425 2593 Ἄξιον
1447 2551 1488 2585 δὲ
1509 2550 1735 2595 μνησθῆναι
1756 2552 1822 2584 καὶ
1843 2562 1911 2595 γυ-

1042 2600 1176 2643 ναικός
1196 2612 1299 2643 τινος
1317 2599 1559 2647 Ἐπιχάριτος
1573 2610 1581 2617 ·
1607 2598 1706 2645 αὕτη
1729 2599 1801 2648 γὰρ
1815 2598 1856 2634 ἓν
1871 2612 1911 2634 τε

1041 2651 1087 2699 τῇ
1106 2654 1332 2696 συνωμοσίᾳ
1349 2650 1601 2694 ἐξετασθεῖσα
1614 2653 1679 2684 καὶ
1697 2651 1825 2685 πᾶσαν
1840 2648 1911 2685 αῦ-

1041 2700 1112 2746 τὴν
1142 2699 1310 2748 ἀκριβῶς
1337 2702 1586 2735 πιστευθεῐσα
1608 2698 1719 2735 οὐδὲν
1741 2699 1911 2748 τοπαρά-

1042 2763 1130 2793 παν,
1154 2753 1290 2798 καίπερ
1313 2750 1495 2792 πολλάκις
1518 2748 1594 2785 ὑπὸ
1609 2751 1679 2795 τῆς
1695 2751 1909 2796 Τιγελλίνου

1041 2799 1260 2845 δεινότητος
1275 2800 1573 2842 βασανισθεῐσα,
1593 2799 1766 2845 ἐξέφηνε.
1782 2820 1817 2826 -
1835 2812 1911 2837 con·

1042 2853 1192 2894 temptus]
1210 2861 1231 2884 a
1247 2853 1469 2893 magnanima
1486 2851 1627 2891 semina,
1650 2852 1909 2885 confessionem

1043 2903 1244 2935 constanter
1271 2904 1503 2942 aspernante;
1536 2910 1620 2943 ergo
1651 2902 1744 2934 irrita
1773 2911 1910 2934 manse-

1042 2954 1123 2983 runt
1146 2952 1319 2983 tormenta
1344 2952 1456 2983 totum
1479 2959 1544 2992 per
1566 2951 1662 2983 diem
1685 2952 1717 2983 ei
1739 2951 1907 2983 adhibita.

1044 3018 1080 3025 -—
1099 3000 1273 3041 dissolutis]
1298 3000 1453 3033 distortis
1476 3003 1512 3033 et
1534 3000 1686 3042 equuleo
1701 3000 1756 3032 vel
1772 3001 1909 3042 ponde-

1042 3050 1141 3083 ribus
1157 3049 1309 3092 pedibus
1325 3050 1485 3083 extentis.
1507 3067 1543 3073 —
1559 3051 1694 3092 fasciae]
1719 3059 1811 3091 quae
1827 3050 1908 3083 alibi

1041 3099 1240 3140 strophium,
1268 3100 1413 3139 ταινία,
1445 3099 1583 3132 dicitur.
1623 3101 1755 3132 Nonius
1785 3108 1819 3141 p.
1845 3100 1909 3133 538

1044 3150 1151 3182 Mero.
1168 3157 1176 3180 z
1197 3149 1388 3189 Strophium
1410 3152 1457 3182 est
1474 3149 1581 3190 fascia
1595 3148 1713 3188 brevis,
1739 3158 1824 3189 quae
1837 3150 1910 3181 vir-

1042 3199 1186 3241 ginalem
1213 3199 1385 3232 horrorem
1413 3199 1536 3231 cohibet
1560 3199 1778 3240 papillarum.
1823 3200 1909 3232 Hinc

1044 3249 1150 3280 etiam
1171 3249 1394 3281 mammillam
1408 3247 1554 3282 Martial.
1572 3248 1626 3287 44,
1644 3248 1704 3286 66;
1727 3248 1836 3289 fascia
1847 3258 1909 3289 pe-

1043 3297 1178 3330 ctoralis
1204 3306 1262 3339 ap.
1288 3298 1443 3331 eundem
1471 3296 1524 3335 44,
1552 3296 1625 3330 ⁴34.
1657 3297 1708 3330 Cf.
1735 3298 1910 3339 Boettiger

1044 3347 1172 3380 Sabina
1194 3347 1251 3381 ed.
1269 3347 1327 3380 alt.
1345 3349 1376 3388 1,
1402 3357 1436 3389 p.
1455 3346 1529 3379 484».
1549 3347 1623 3379 497.
1648 3348 1695 3385 11,
1720 3355 1756 3388 p.
1774 3347 1848 3380 444.
1870 3366 1904 3372 -

1043 3405 1160 3430 areum
1174 3397 1282 3439 sellae]
1300 3397 1351 3430 ct.
1369 3396 1502 3429 Arnob.
1519 3397 1552 3436 2,
1569 3396 1627 3429 23:
1653 3399 1801 3437 arquata
1814 3398 1906 3439 sella,

1530 3455 1584 3498 34-
