<?xml version="1.0" encoding="UTF-8"?>
<!DOCTYPE html PUBLIC "-//W3C//DTD XHTML 1.0 Transitional//EN"
    "http://www.w3.org/TR/xhtml1/DTD/xhtml1-transitional.dtd">
<html xmlns="http://www.w3.org/1999/xhtml" xml:lang="en" lang="en">
 <head>
  <title>
</title>
<meta http-equiv="Content-Type" content="text/html;charset=utf-8" />
  <meta name='ocr-system' content='tesseract 3.04.00' />
  <meta name='ocr-capabilities' content='ocr_page ocr_carea ocr_par ocr_line ocrx_word'/>
</head>
<body>
  <div class='ocr_page' id='page_1' title='image "./pcorneliitacitio01taciuoft_0531.png"; bbox 0 0 2254 3770; ppageno 0'>
   <div class='ocr_carea' id='block_1_1' title="bbox 747 282 1996 340">
    <p class='ocr_par' dir='ltr' id='par_1_1' title="bbox 747 282 1996 340">
     <span class='ocr_line' id='line_1_1' title="bbox 747 282 1996 340; baseline -0.001 -13"><span class='ocrx_word' id='word_1_1' title='bbox 747 283 903 327; x_wconf 86' lang='lat' dir='ltr'>LIBER</span> <span class='ocrx_word' id='word_1_2' title='bbox 929 282 1014 327; x_wconf 86' lang='lat' dir='ltr'><strong>XV.</strong></span> <span class='ocrx_word' id='word_1_3' title='bbox 1057 282 1158 340; x_wconf 91' lang='lat' dir='ltr'><strong>Cap.</strong></span> <span class='ocrx_word' id='word_1_4' title='bbox 1188 283 1229 326; x_wconf 94' lang='lat'><strong>7.</strong></span> <span class='ocrx_word' id='word_1_5' title='bbox 1259 283 1298 326; x_wconf 90' lang='lat'><strong>8.</strong></span> <span class='ocrx_word' id='word_1_6' title='bbox 1329 283 1369 326; x_wconf 86' lang='lat'><strong>9.</strong></span> <span class='ocrx_word' id='word_1_7' title='bbox 1400 282 1467 326; x_wconf 72' lang='lat'><strong>40.</strong></span> <span class='ocrx_word' id='word_1_8' title='bbox 1914 283 1996 326; x_wconf 75' lang='lat'><strong>493</strong></span> 
     </span>
    </p>
   </div>
   <div class='ocr_carea' id='block_1_2' title="bbox 171 388 2062 2109">
    <p class='ocr_par' dir='ltr' id='par_1_2' title="bbox 171 388 2062 2109">
     <span class='ocr_line' id='line_1_2' title="bbox 212 388 1999 450; baseline -0.002 -14"><span class='ocrx_word' id='word_1_9' title='bbox 212 390 502 450; x_wconf 80' lang='lat' dir='ltr'>magnitudine</span> <span class='ocrx_word' id='word_1_10' title='bbox 532 396 799 448; x_wconf 80' lang='lat' dir='ltr'><strong>praestantes</strong></span> <span class='ocrx_word' id='word_1_11' title='bbox 830 395 873 432; x_wconf 89' lang='lat' dir='ltr'><strong>et</strong></span> <span class='ocrx_word' id='word_1_12' title='bbox 902 401 1087 433; x_wconf 89' lang='lat' dir='ltr'><strong>conexas</strong></span> <span class='ocrx_word' id='word_1_13' title='bbox 1117 388 1310 432; x_wconf 84' lang='lat' dir='ltr'>trabibus</span> <span class='ocrx_word' id='word_1_14' title='bbox 1339 396 1394 433; x_wconf 83' lang='lat' dir='ltr'><strong>ac&#39;</strong></span> <span class='ocrx_word' id='word_1_15' title='bbox 1419 388 1607 433; x_wconf 90' lang='lat' dir='ltr'><strong>turribus</strong></span> <span class='ocrx_word' id='word_1_16' title='bbox 1630 395 1777 433; x_wconf 89' lang='lat' dir='ltr'><strong>auctas</strong></span> <span class='ocrx_word' id='word_1_17' title='bbox 1806 390 1892 446; x_wconf 89' lang='lat' dir='ltr'><strong>agit</strong></span> <span class='ocrx_word' id='word_1_18' title='bbox 1919 402 1999 446; x_wconf 90' lang='lat' dir='ltr'><strong>per</strong></span> 
     </span>
     <span class='ocr_line' id='line_1_3' title="bbox 212 463 2001 524; baseline -0.002 -12"><span class='ocrx_word' id='word_1_19' title='bbox 212 481 380 512; x_wconf 89' lang='lat' dir='ltr'><strong>amnem</strong></span> <span class='ocrx_word' id='word_1_20' title='bbox 421 466 731 524; x_wconf 81' lang='lat' dir='ltr'><strong>catapultisque</strong></span> <span class='ocrx_word' id='word_1_21' title='bbox 775 472 818 508; x_wconf 91' lang='lat' dir='ltr'><strong>et</strong></span> <span class='ocrx_word' id='word_1_22' title='bbox 855 464 1032 509; x_wconf 92' lang='lat' dir='ltr'><strong>ballistis</strong></span> <span class='ocrx_word' id='word_1_23' title='bbox 1076 463 1298 521; x_wconf 87' lang='lat' dir='ltr'><strong>proturbat</strong></span> <span class='ocrx_word' id='word_1_24' title='bbox 1335 463 1568 518; x_wconf 88' lang='lat' dir='ltr'><strong>barbaros;</strong></span> <span class='ocrx_word' id='word_1_25' title='bbox 1613 464 1655 507; x_wconf 92' lang='lat' dir='ltr'><strong>in</strong></span> <span class='ocrx_word' id='word_1_26' title='bbox 1685 477 1795 523; x_wconf 92' lang='lat' dir='ltr'><strong>quos</strong></span> <span class='ocrx_word' id='word_1_27' title='bbox 1826 477 1929 507; x_wconf 86' lang='lat' dir='ltr'><strong>saxa</strong></span> <span class='ocrx_word' id='word_1_28' title='bbox 1957 470 2001 508; x_wconf 92' lang='lat' dir='ltr'><strong>et</strong></span> 
     </span>
     <span class='ocr_line' id='line_1_4' title="bbox 212 539 2001 598; baseline -0.002 -11"><span class='ocrx_word' id='word_1_29' title='bbox 212 543 358 587; x_wconf 88' lang='lat' dir='ltr'><strong>bastae</strong></span> <span class='ocrx_word' id='word_1_30' title='bbox 388 541 556 598; x_wconf 90' lang='lat' dir='ltr'><strong>longius</strong></span> <span class='ocrx_word' id='word_1_31' title='bbox 585 540 879 598; x_wconf 87' lang='lat' dir='ltr'><strong>permeabant,</strong></span> <span class='ocrx_word' id='word_1_32' title='bbox 911 553 1041 597; x_wconf 93' lang='lat' dir='ltr'><strong>quam</strong></span> <span class='ocrx_word' id='word_1_33' title='bbox 1070 545 1117 582; x_wconf 84' lang='lat' dir='ltr'><strong>ut</strong></span> <span class='ocrx_word' id='word_1_34' title='bbox 1146 540 1360 583; x_wconf 88' lang='lat' dir='ltr'><strong>contrario</strong></span> <span class='ocrx_word' id='word_1_35' title='bbox 1384 540 1633 597; x_wconf 87' lang='lat' dir='ltr'><strong>sagittarum</strong></span> <span class='ocrx_word' id='word_1_36' title='bbox 1653 541 1764 584; x_wconf 92' lang='lat' dir='ltr'><strong>iactu</strong></span> <span class='ocrx_word' id='word_1_37' title='bbox 1784 539 2001 597; x_wconf 87' lang='lat' dir='ltr'><strong>adaequa-</strong></span> 
     </span>
     <span class='ocr_line' id='line_1_5' title="bbox 210 613 1998 674; baseline -0.002 -12"><span class='ocrx_word' id='word_1_38' title='bbox 210 625 370 662; x_wconf 88' lang='lat' dir='ltr'><strong>rentur.</strong></span> <span class='ocrx_word' id='word_1_39' title='bbox 410 616 509 660; x_wconf 90' lang='lat' dir='ltr'><strong>dein</strong></span> <span class='ocrx_word' id='word_1_40' title='bbox 550 630 658 674; x_wconf 91' lang='lat' dir='ltr'><strong>pons</strong></span> <span class='ocrx_word' id='word_1_41' title='bbox 702 615 987 666; x_wconf 86' lang='lat' dir='ltr'><strong>continuatus,</strong></span> <span class='ocrx_word' id='word_1_42' title='bbox 1026 613 1245 672; x_wconf 88' lang='lat' dir='ltr'><strong>collesque</strong></span> <span class='ocrx_word' id='word_1_43' title='bbox 1285 613 1453 659; x_wconf 89' lang='lat' dir='ltr'><strong>adversi</strong></span> <span class='ocrx_word' id='word_1_44' title='bbox 1490 628 1570 673; x_wconf 91' lang='lat' dir='ltr'><strong>per</strong></span> <span class='ocrx_word' id='word_1_45' title='bbox 1605 616 1747 659; x_wconf 90' lang='lat' dir='ltr'><strong>socias</strong></span> <span class='ocrx_word' id='word_1_46' title='bbox 1787 615 1998 665; x_wconf 89' lang='lat' dir='ltr'><strong>cohortes,</strong></span> 
     </span>
     <span class='ocr_line' id='line_1_6' title="bbox 211 689 2028 751; baseline -0.001 -15"><span class='ocrx_word' id='word_1_47' title='bbox 211 699 309 751; x_wconf 90' lang='lat' dir='ltr'><strong>post</strong></span> <span class='ocrx_word' id='word_1_48' title='bbox 336 692 555 749; x_wconf 90' lang='lat' dir='ltr'><strong>legionum</strong></span> <span class='ocrx_word' id='word_1_49' title='bbox 584 692 734 736; x_wconf 89' lang='lat' dir='ltr'><strong>castris</strong></span> <span class='ocrx_word' id='word_1_50' title='bbox 764 697 1039 748; x_wconf 89' lang='lat' dir='ltr'><strong>occupantur,</strong></span> <span class='ocrx_word' id='word_1_51' title='bbox 1071 696 1186 733; x_wconf 89' lang='lat' dir='ltr'><strong>tanta</strong></span> <span class='ocrx_word' id='word_1_52' title='bbox 1217 689 1434 734; x_wconf 89' lang='lat' dir='ltr'><strong>celeritate</strong></span> <span class='ocrx_word' id='word_1_53' title='bbox 1464 697 1507 734; x_wconf 94' lang='lat' dir='ltr'><strong>et</strong></span> <span class='ocrx_word' id='word_1_54' title='bbox 1529 691 1813 735; x_wconf 90' lang='lat' dir='ltr'><strong>ostentatione</strong></span> <span class='ocrx_word' id='word_1_55' title='bbox 1833 690 2028 742; x_wconf 76' lang='lat' dir='ltr'><strong>virium,5</strong></span> 
     </span>
     <span class='ocr_line' id='line_1_7' title="bbox 212 764 2003 824; baseline -0.001 -13"><span class='ocrx_word' id='word_1_56' title='bbox 212 774 259 811; x_wconf 93' lang='lat' dir='ltr'><strong>ut</strong></span> <span class='ocrx_word' id='word_1_57' title='bbox 292 767 433 812; x_wconf 88' lang='lat' dir='ltr'><strong>Parthi</strong></span> <span class='ocrx_word' id='word_1_58' title='bbox 475 766 635 810; x_wconf 92' lang='lat' dir='ltr'><strong>omisso</strong></span> <span class='ocrx_word' id='word_1_59' title='bbox 671 774 823 824; x_wconf 88' lang='lat' dir='ltr'><strong>paratu</strong></span> <span class='ocrx_word' id='word_1_60' title='bbox 852 764 1120 809; x_wconf 89' lang='lat' dir='ltr'><strong>invadendae</strong></span> <span class='ocrx_word' id='word_1_61' title='bbox 1151 765 1304 823; x_wconf 88' lang='lat' dir='ltr'><strong>Syriae</strong></span> <span class='ocrx_word' id='word_1_62' title='bbox 1335 779 1458 823; x_wconf 90' lang='lat' dir='ltr'><strong>spem</strong></span> <span class='ocrx_word' id='word_1_63' title='bbox 1487 780 1657 810; x_wconf 89' lang='lat' dir='ltr'><strong>omnem</strong></span> <span class='ocrx_word' id='word_1_64' title='bbox 1687 767 1730 810; x_wconf 95' lang='lat' dir='ltr'><strong>in</strong></span> <span class='ocrx_word' id='word_1_65' title='bbox 1760 766 2003 810; x_wconf 84' lang='lat' dir='ltr'><strong>Armeniam</strong></span> 
     </span>
     <span class='ocr_line' id='line_1_8' title="bbox 211 840 2004 899; baseline -0.001 -13"><span class='ocrx_word' id='word_1_66' title='bbox 211 849 444 894; x_wconf 89' lang='lat' dir='ltr'><strong>verterent,</strong></span> <span class='ocrx_word' id='word_1_67' title='bbox 482 842 556 886; x_wconf 91' lang='lat' dir='ltr'><strong>ubi</strong></span> <span class='ocrx_word' id='word_1_68' title='bbox 594 844 748 885; x_wconf 89' lang='lat' dir='ltr'><strong>Paetus</strong></span> <span class='ocrx_word' id='word_1_69' title='bbox 778 841 1087 885; x_wconf 90' lang='lat' dir='ltr'><strong>imminentium</strong></span> <span class='ocrx_word' id='word_1_70' title='bbox 1116 841 1289 884; x_wconf 91' lang='lat' dir='ltr'><strong>nescius</strong></span> <span class='ocrx_word' id='word_1_71' title='bbox 1319 841 1509 899; x_wconf 87' lang='lat' dir='ltr'><strong>quintam</strong></span> <span class='ocrx_word' id='word_1_72' title='bbox 1538 840 1752 899; x_wconf 82' lang='lat' dir='ltr'><strong>legionem</strong></span> <span class='ocrx_word' id='word_1_73' title='bbox 1781 840 1932 899; x_wconf 88' lang='lat' dir='ltr'><strong>procul</strong></span> <span class='ocrx_word' id='word_1_74' title='bbox 1961 841 2004 884; x_wconf 91' lang='lat' dir='ltr'><strong>in</strong></span> 
     </span>
     <span class='ocr_line' id='line_1_9' title="bbox 212 915 2002 976; baseline -0.001 -14"><span class='ocrx_word' id='word_1_75' title='bbox 212 920 347 963; x_wconf 89' lang='lat' dir='ltr'><strong>Ponto</strong></span> <span class='ocrx_word' id='word_1_76' title='bbox 388 918 592 969; x_wconf 89' lang='lat' dir='ltr'><strong>habebat,</strong></span> <span class='ocrx_word' id='word_1_77' title='bbox 633 917 822 976; x_wconf 93' lang='lat' dir='ltr'><strong>reliquas</strong></span> <span class='ocrx_word' id='word_1_78' title='bbox 860 916 1117 975; x_wconf 84' lang='lat' dir='ltr'><strong>promiscuis</strong></span> <span class='ocrx_word' id='word_1_79' title='bbox 1156 915 1336 959; x_wconf 87' lang='lat' dir='ltr'><strong>militum</strong></span> <span class='ocrx_word' id='word_1_80' title='bbox 1365 917 1674 961; x_wconf 88' lang='lat' dir='ltr'><strong>commeatibus</strong></span> <span class='ocrx_word' id='word_1_81' title='bbox 1703 916 2002 968; x_wconf 86' lang='lat' dir='ltr'><strong>infirmaverat,</strong></span> 
     </span>
     <span class='ocr_line' id='line_1_10' title="bbox 214 991 2006 1051; baseline -0.001 -13"><span class='ocrx_word' id='word_1_82' title='bbox 214 993 354 1038; x_wconf 92' lang='lat' dir='ltr'><strong>donec</strong></span> <span class='ocrx_word' id='word_1_83' title='bbox 382 994 614 1038; x_wconf 89' lang='lat' dir='ltr'><strong>adventare</strong></span> <span class='ocrx_word' id='word_1_84' title='bbox 634 993 872 1051; x_wconf 86' lang='lat' dir='ltr'><strong>Vologesen</strong></span> <span class='ocrx_word' id='word_1_85' title='bbox 902 1005 1056 1049; x_wconf 91' lang='lat' dir='ltr'><strong>magno</strong></span> <span class='ocrx_word' id='word_1_86' title='bbox 1087 998 1131 1035; x_wconf 91' lang='lat' dir='ltr'><strong>et</strong></span> <span class='ocrx_word' id='word_1_87' title='bbox 1159 991 1324 1036; x_wconf 89' lang='lat' dir='ltr'><strong>infenso</strong></span> <span class='ocrx_word' id='word_1_88' title='bbox 1354 992 1522 1049; x_wconf 82' lang='lat' dir='ltr'><strong>agmine</strong></span> <span class='ocrx_word' id='word_1_89' title='bbox 1543 992 1747 1036; x_wconf 87' lang='lat' dir='ltr'><strong>auditum.</strong></span> <span class='ocrx_word' id='word_1_90' title='bbox 1778 992 1861 1050; x_wconf 83' lang='grc'><strong>(40)</strong></span> <span class='ocrx_word' id='word_1_91' title='bbox 1891 993 2006 1037; x_wconf 88' lang='lat' dir='ltr'><strong>acci-</strong></span> 
     </span>
     <span class='ocr_line' id='line_1_11' title="bbox 214 1067 2053 1127; baseline -0.001 -14"><span class='ocrx_word' id='word_1_92' title='bbox 214 1077 283 1113; x_wconf 85' lang='lat' dir='ltr'><strong>tur</strong></span> <span class='ocrx_word' id='word_1_93' title='bbox 310 1068 423 1127; x_wconf 91' lang='lat' dir='ltr'><strong>legio</strong></span> <span class='ocrx_word' id='word_1_94' title='bbox 452 1069 727 1119; x_wconf 87' lang='lat' dir='ltr'><strong>duodecima,</strong></span> <span class='ocrx_word' id='word_1_95' title='bbox 760 1075 803 1112; x_wconf 89' lang='lat' dir='ltr'><strong>et</strong></span> <span class='ocrx_word' id='word_1_96' title='bbox 832 1068 946 1112; x_wconf 93' lang='lat' dir='ltr'><strong>unde</strong></span> <span class='ocrx_word' id='word_1_97' title='bbox 976 1068 1129 1111; x_wconf 87' lang='lat' dir='ltr'><strong>famam</strong></span> <span class='ocrx_word' id='word_1_98' title='bbox 1158 1067 1269 1111; x_wconf 89' lang='lat' dir='ltr'><strong>aucti</strong></span> <span class='ocrx_word' id='word_1_99' title='bbox 1300 1068 1513 1112; x_wconf 86' lang='lat' dir='ltr'><strong>exercitus</strong></span> <span class='ocrx_word' id='word_1_100' title='bbox 1539 1075 1804 1126; x_wconf 91' lang='lat' dir='ltr'><strong>speraverat,</strong></span> <span class='ocrx_word' id='word_1_101' title='bbox 1836 1069 2053 1126; x_wconf 76' lang='lat' dir='ltr'><strong>proditam</strong></span> 
     </span>
     <span class='ocr_line' id='line_1_12' title="bbox 216 1142 2003 1203; baseline 0.001 -16"><span class='ocrx_word' id='word_1_102' title='bbox 216 1144 510 1203; x_wconf 78' lang='lat' dir='ltr'><strong>infrequentia.</strong></span> <span class='ocrx_word' id='word_1_103' title='bbox 541 1158 627 1202; x_wconf 89' lang='lat' dir='ltr'><strong>qua</strong></span> <span class='ocrx_word' id='word_1_104' title='bbox 646 1150 787 1187; x_wconf 89' lang='lat' dir='ltr'><strong>tamen</strong></span> <span class='ocrx_word' id='word_1_105' title='bbox 809 1143 983 1187; x_wconf 88' lang='lat' dir='ltr'><strong>retineri</strong></span> <span class='ocrx_word' id='word_1_106' title='bbox 1001 1149 1139 1187; x_wconf 90' lang='lat' dir='ltr'><strong>castra</strong></span> <span class='ocrx_word' id='word_1_107' title='bbox 1160 1149 1203 1186; x_wconf 87' lang='lat' dir='ltr'><strong>et</strong></span> <span class='ocrx_word' id='word_1_108' title='bbox 1217 1142 1332 1186; x_wconf 92' lang='lat' dir='ltr'><strong>eludi</strong></span> <span class='ocrx_word' id='word_1_109' title='bbox 1351 1142 1530 1187; x_wconf 86' lang='lat' dir='ltr'><strong>Parthus</strong></span> <span class='ocrx_word' id='word_1_110' title='bbox 1550 1150 1686 1188; x_wconf 89' lang='lat' dir='ltr'><strong>tractu</strong></span> <span class='ocrx_word' id='word_1_111' title='bbox 1704 1143 1806 1188; x_wconf 89' lang='lat' dir='ltr'><strong>belli</strong></span> <span class='ocrx_word' id='word_1_112' title='bbox 1825 1151 2003 1202; x_wconf 87' lang='lat' dir='ltr'><strong>poterat,</strong></span> 
     </span>
     <span class='ocr_line' id='line_1_13' title="bbox 215 1218 2007 1264; baseline 0 -1"><span class='ocrx_word' id='word_1_113' title='bbox 215 1220 252 1264; x_wconf 94' lang='lat' dir='ltr'><strong>si</strong></span> <span class='ocrx_word' id='word_1_114' title='bbox 275 1221 406 1264; x_wconf 87' lang='lat' dir='ltr'><strong>Paeto</strong></span> <span class='ocrx_word' id='word_1_115' title='bbox 428 1227 502 1264; x_wconf 91' lang='lat' dir='ltr'><strong>aut</strong></span> <span class='ocrx_word' id='word_1_116' title='bbox 524 1220 566 1262; x_wconf 91' lang='lat' dir='ltr'><strong>in</strong></span> <span class='ocrx_word' id='word_1_117' title='bbox 589 1220 679 1263; x_wconf 92' lang='lat' dir='ltr'><strong>suis</strong></span> <span class='ocrx_word' id='word_1_118' title='bbox 709 1226 781 1263; x_wconf 89' lang='lat' dir='ltr'><strong>aut</strong></span> <span class='ocrx_word' id='word_1_119' title='bbox 809 1219 851 1261; x_wconf 90' lang='lat' dir='ltr'><strong>in</strong></span> <span class='ocrx_word' id='word_1_120' title='bbox 872 1218 1022 1262; x_wconf 91' lang='lat' dir='ltr'><strong>alienis</strong></span> <span class='ocrx_word' id='word_1_121' title='bbox 1042 1218 1230 1263; x_wconf 90' lang='lat' dir='ltr'><strong>consiliis</strong></span> <span class='ocrx_word' id='word_1_122' title='bbox 1252 1219 1487 1262; x_wconf 89' lang='lat' dir='ltr'><strong>constantia</strong></span> <span class='ocrx_word' id='word_1_123' title='bbox 1507 1219 1666 1263; x_wconf 86' lang='lat' dir='ltr'><strong>fuisset.</strong></span> <span class='ocrx_word' id='word_1_124' title='bbox 1698 1233 1849 1264; x_wconf 90' lang='lat' dir='ltr'><strong>verum</strong></span> <span class='ocrx_word' id='word_1_125' title='bbox 1877 1219 1951 1263; x_wconf 91' lang='lat' dir='ltr'><strong>ubi</strong></span> <span class='ocrx_word' id='word_1_126' title='bbox 1981 1233 2007 1263; x_wconf 94' lang='lat' dir='ltr'><strong>a</strong></span> 
     </span>
     <span class='ocr_line' id='line_1_14' title="bbox 215 1293 2006 1351; baseline -0.001 -13"><span class='ocrx_word' id='word_1_127' title='bbox 215 1295 318 1339; x_wconf 90' lang='lat' dir='ltr'><strong>viris</strong></span> <span class='ocrx_word' id='word_1_128' title='bbox 347 1294 600 1338; x_wconf 90' lang='lat' dir='ltr'><strong>militaribus</strong></span> <span class='ocrx_word' id='word_1_129' title='bbox 630 1294 839 1338; x_wconf 91' lang='lat' dir='ltr'><strong>adversus</strong></span> <span class='ocrx_word' id='word_1_130' title='bbox 869 1301 1070 1351; x_wconf 88' lang='lat' dir='ltr'><strong>urgentes</strong></span> <span class='ocrx_word' id='word_1_131' title='bbox 1093 1307 1220 1338; x_wconf 90' lang='lat' dir='ltr'><strong>casus</strong></span> <span class='ocrx_word' id='word_1_132' title='bbox 1248 1293 1440 1338; x_wconf 90' lang='lat' dir='ltr'><strong>firmatus</strong></span> <span class='ocrx_word' id='word_1_133' title='bbox 1470 1301 1582 1346; x_wconf 92' lang='lat' dir='ltr'><strong>erat,</strong></span> <span class='ocrx_word' id='word_1_134' title='bbox 1615 1308 1785 1346; x_wconf 88' lang='lat' dir='ltr'><strong>rursus,</strong></span> <span class='ocrx_word' id='word_1_135' title='bbox 1817 1309 1872 1339; x_wconf 93' lang='lat' dir='ltr'><strong>ne</strong></span> <span class='ocrx_word' id='word_1_136' title='bbox 1902 1294 2006 1339; x_wconf 91' lang='lat' dir='ltr'><strong>alie-</strong></span> 
     </span>
     <span class='ocr_line' id='line_1_15' title="bbox 216 1369 2009 1427; baseline -0.001 -12"><span class='ocrx_word' id='word_1_137' title='bbox 216 1384 297 1415; x_wconf 89' lang='lat' dir='ltr'><strong>nae</strong></span> <span class='ocrx_word' id='word_1_138' title='bbox 335 1370 572 1414; x_wconf 90' lang='lat' dir='ltr'><strong>sententiae</strong></span> <span class='ocrx_word' id='word_1_139' title='bbox 607 1370 804 1427; x_wconf 88' lang='lat' dir='ltr'><strong>indigens</strong></span> <span class='ocrx_word' id='word_1_140' title='bbox 834 1369 1071 1420; x_wconf 90' lang='lat' dir='ltr'><strong>videretur,</strong></span> <span class='ocrx_word' id='word_1_141' title='bbox 1114 1369 1155 1412; x_wconf 93' lang='lat' dir='ltr'><strong>in</strong></span> <span class='ocrx_word' id='word_1_142' title='bbox 1186 1369 1357 1413; x_wconf 86' lang='lat' dir='ltr'><strong>diversa</strong></span> <span class='ocrx_word' id='word_1_143' title='bbox 1383 1383 1434 1414; x_wconf 87' lang='lat' dir='ltr'><strong>ac</strong></span> <span class='ocrx_word' id='word_1_144' title='bbox 1464 1369 1679 1414; x_wconf 89' lang='lat' dir='ltr'><strong>deteriora</strong></span> <span class='ocrx_word' id='word_1_145' title='bbox 1708 1370 1924 1414; x_wconf 90' lang='lat' dir='ltr'><strong>transibat.</strong></span> <span class='ocrx_word' id='word_1_146' title='bbox 1966 1377 2009 1414; x_wconf 90' lang='lat' dir='ltr'><strong>et</strong></span> 
     </span>
     <span class='ocr_line' id='line_1_16' title="bbox 218 1445 2060 1504; baseline -0.001 -14"><span class='ocrx_word' id='word_1_147' title='bbox 218 1453 318 1490; x_wconf 92' lang='lat' dir='ltr'><strong>tunc</strong></span> <span class='ocrx_word' id='word_1_148' title='bbox 346 1446 504 1490; x_wconf 88' lang='lat' dir='ltr'><strong>relictis</strong></span> <span class='ocrx_word' id='word_1_149' title='bbox 530 1445 740 1496; x_wconf 89' lang='lat' dir='ltr'><strong>hibernis,</strong></span> <span class='ocrx_word' id='word_1_150' title='bbox 772 1459 856 1488; x_wconf 92' lang='lat' dir='ltr'><strong>non</strong></span> <span class='ocrx_word' id='word_1_151' title='bbox 878 1445 1035 1488; x_wconf 85' lang='lat' dir='ltr'><strong>fossam</strong></span> <span class='ocrx_word' id='word_1_152' title='bbox 1056 1458 1198 1502; x_wconf 90' lang='lat' dir='ltr'><strong>neque</strong></span> <span class='ocrx_word' id='word_1_153' title='bbox 1219 1445 1375 1488; x_wconf 92' lang='lat' dir='ltr'><strong>vallum</strong></span> <span class='ocrx_word' id='word_1_154' title='bbox 1396 1445 1496 1495; x_wconf 91' lang='lat' dir='ltr'><strong>sibi,</strong></span> <span class='ocrx_word' id='word_1_155' title='bbox 1528 1445 1606 1490; x_wconf 92' lang='lat' dir='ltr'><strong>sed</strong></span> <span class='ocrx_word' id='word_1_156' title='bbox 1627 1459 1811 1504; x_wconf 88' lang='lat' dir='ltr'><strong>corpora</strong></span> <span class='ocrx_word' id='word_1_157' title='bbox 1831 1454 1874 1491; x_wconf 91' lang='lat' dir='ltr'><strong>et</strong></span> <span class='ocrx_word' id='word_1_158' title='bbox 1892 1459 2010 1492; x_wconf 89' lang='lat' dir='ltr'><strong>arma</strong></span> <span class='ocrx_word' id='word_1_159' title='bbox 2023 1458 2060 1489; x_wconf 76' lang='lat'><strong>⁴5</strong></span> 
     </span>
     <span class='ocr_line' id='line_1_17' title="bbox 171 1519 2009 1578; baseline 0.001 -13"><span class='ocrx_word' id='word_1_160' title='bbox 171 1571 175 1574; x_wconf 20' lang='lat'><strong>⁴</strong></span> <span class='ocrx_word' id='word_1_161' title='bbox 218 1523 262 1565; x_wconf 89' lang='lat' dir='ltr'><strong>in</strong></span> <span class='ocrx_word' id='word_1_162' title='bbox 291 1521 459 1566; x_wconf 92' lang='lat' dir='ltr'><strong>hostem</strong></span> <span class='ocrx_word' id='word_1_163' title='bbox 488 1521 586 1565; x_wconf 89' lang='lat' dir='ltr'><strong>data</strong></span> <span class='ocrx_word' id='word_1_164' title='bbox 616 1520 853 1572; x_wconf 89' lang='lat' dir='ltr'><strong>clamitans,</strong></span> <span class='ocrx_word' id='word_1_165' title='bbox 886 1520 1006 1564; x_wconf 86' lang='lat' dir='ltr'><strong>duxit</strong></span> <span class='ocrx_word' id='word_1_166' title='bbox 1027 1519 1219 1578; x_wconf 90' lang='lat' dir='ltr'><strong>legiones</strong></span> <span class='ocrx_word' id='word_1_167' title='bbox 1239 1520 1363 1578; x_wconf 91' lang='lat' dir='ltr'><strong>quasi</strong></span> <span class='ocrx_word' id='word_1_168' title='bbox 1383 1520 1548 1578; x_wconf 89' lang='lat' dir='ltr'><strong>proelio</strong></span> <span class='ocrx_word' id='word_1_169' title='bbox 1570 1528 1822 1566; x_wconf 88' lang='lat' dir='ltr'><strong>certaturus.</strong></span> <span class='ocrx_word' id='word_1_170' title='bbox 1852 1522 2009 1567; x_wconf 89' lang='lat' dir='ltr'><strong>deinde</strong></span> 
     </span>
     <span class='ocr_line' id='line_1_18' title="bbox 219 1595 2010 1656; baseline 0.002 -16"><span class='ocrx_word' id='word_1_171' title='bbox 219 1597 379 1641; x_wconf 91' lang='lat' dir='ltr'><strong>amisso</strong></span> <span class='ocrx_word' id='word_1_172' title='bbox 409 1597 657 1641; x_wconf 92' lang='lat' dir='ltr'><strong>centurione</strong></span> <span class='ocrx_word' id='word_1_173' title='bbox 688 1603 731 1640; x_wconf 89' lang='lat' dir='ltr'><strong>et</strong></span> <span class='ocrx_word' id='word_1_174' title='bbox 755 1596 905 1654; x_wconf 86' lang='lat' dir='ltr'><strong>paucis</strong></span> <span class='ocrx_word' id='word_1_175' title='bbox 924 1595 1148 1647; x_wconf 89' lang='lat' dir='ltr'><strong>militibus,</strong></span> <span class='ocrx_word' id='word_1_176' title='bbox 1180 1609 1292 1653; x_wconf 91' lang='lat' dir='ltr'><strong>quos</strong></span> <span class='ocrx_word' id='word_1_177' title='bbox 1313 1596 1502 1640; x_wconf 90' lang='lat' dir='ltr'><strong>visendis</strong></span> <span class='ocrx_word' id='word_1_178' title='bbox 1523 1596 1710 1641; x_wconf 91' lang='lat' dir='ltr'><strong>hostium</strong></span> <span class='ocrx_word' id='word_1_179' title='bbox 1730 1598 1865 1656; x_wconf 88' lang='lat' dir='ltr'><strong>copiis</strong></span> <span class='ocrx_word' id='word_1_180' title='bbox 1885 1612 2010 1656; x_wconf 88' lang='lat' dir='ltr'><strong>prae-</strong></span> 
     </span>
     <span class='ocr_line' id='line_1_19' title="bbox 219 1671 2008 1730; baseline 0.001 -14"><span class='ocrx_word' id='word_1_181' title='bbox 219 1673 410 1724; x_wconf 87' lang='lat' dir='ltr'><strong>miserat,</strong></span> <span class='ocrx_word' id='word_1_182' title='bbox 452 1671 647 1730; x_wconf 91' lang='lat' dir='ltr'><strong>trepidus</strong></span> <span class='ocrx_word' id='word_1_183' title='bbox 689 1672 908 1716; x_wconf 89' lang='lat' dir='ltr'><strong>remeavit.</strong></span> <span class='ocrx_word' id='word_1_184' title='bbox 954 1678 996 1715; x_wconf 89' lang='lat' dir='ltr'><strong>et</strong></span> <span class='ocrx_word' id='word_1_185' title='bbox 1031 1672 1133 1729; x_wconf 90' lang='lat' dir='ltr'><strong>quia</strong></span> <span class='ocrx_word' id='word_1_186' title='bbox 1171 1671 1312 1714; x_wconf 92' lang='lat' dir='ltr'><strong>minus</strong></span> <span class='ocrx_word' id='word_1_187' title='bbox 1342 1671 1498 1715; x_wconf 86' lang='lat' dir='ltr'><strong>acriter</strong></span> <span class='ocrx_word' id='word_1_188' title='bbox 1527 1671 1759 1730; x_wconf 86' lang='lat' dir='ltr'><strong>Vologeses</strong></span> <span class='ocrx_word' id='word_1_189' title='bbox 1789 1673 2008 1726; x_wconf 89' lang='lat' dir='ltr'><strong>institerat,</strong></span> 
     </span>
     <span class='ocr_line' id='line_1_20' title="bbox 221 1745 2012 1808; baseline 0.001 -16"><span class='ocrx_word' id='word_1_190' title='bbox 221 1761 331 1792; x_wconf 89' lang='lat' dir='ltr'><strong>vana</strong></span> <span class='ocrx_word' id='word_1_191' title='bbox 368 1762 518 1791; x_wconf 91' lang='lat' dir='ltr'><strong>rursus</strong></span> <span class='ocrx_word' id='word_1_192' title='bbox 557 1747 716 1791; x_wconf 88' lang='lat' dir='ltr'><strong>fiducia</strong></span> <span class='ocrx_word' id='word_1_193' title='bbox 744 1747 823 1791; x_wconf 91' lang='lat' dir='ltr'><strong>tria</strong></span> <span class='ocrx_word' id='word_1_194' title='bbox 851 1746 967 1790; x_wconf 90' lang='lat' dir='ltr'><strong>milia</strong></span> <span class='ocrx_word' id='word_1_195' title='bbox 996 1745 1150 1790; x_wconf 87' lang='lat' dir='ltr'><strong>delecti</strong></span> <span class='ocrx_word' id='word_1_196' title='bbox 1179 1746 1336 1804; x_wconf 91' lang='lat' dir='ltr'><strong>peditis</strong></span> <span class='ocrx_word' id='word_1_197' title='bbox 1365 1747 1560 1804; x_wconf 82' lang='lat' dir='ltr'><strong>proximo</strong></span> <span class='ocrx_word' id='word_1_198' title='bbox 1590 1748 1715 1791; x_wconf 86' lang='lat' dir='ltr'><strong>Tauri</strong></span> <span class='ocrx_word' id='word_1_199' title='bbox 1746 1749 1845 1806; x_wconf 91' lang='lat' dir='ltr'><strong>iugo</strong></span> <span class='ocrx_word' id='word_1_200' title='bbox 1874 1749 2012 1808; x_wconf 84' lang='lat' dir='ltr'><strong>impo-</strong></span> 
     </span>
     <span class='ocr_line' id='line_1_21' title="bbox 223 1821 2062 1881; baseline 0.001 -14"><span class='ocrx_word' id='word_1_201' title='bbox 223 1824 323 1875; x_wconf 87' lang='lat' dir='ltr'><strong>suit,</strong></span> <span class='ocrx_word' id='word_1_202' title='bbox 370 1837 457 1881; x_wconf 92' lang='lat' dir='ltr'><strong>quo</strong></span> <span class='ocrx_word' id='word_1_203' title='bbox 497 1823 719 1866; x_wconf 90' lang='lat' dir='ltr'><strong>transitum</strong></span> <span class='ocrx_word' id='word_1_204' title='bbox 757 1823 872 1880; x_wconf 90' lang='lat' dir='ltr'><strong>regis</strong></span> <span class='ocrx_word' id='word_1_205' title='bbox 917 1828 1133 1875; x_wconf 88' lang='lat' dir='ltr'><strong>arcerent;</strong></span> <span class='ocrx_word' id='word_1_206' title='bbox 1176 1821 1315 1865; x_wconf 90' lang='lat' dir='ltr'><strong>alares</strong></span> <span class='ocrx_word' id='word_1_207' title='bbox 1354 1836 1530 1881; x_wconf 91' lang='lat' dir='ltr'><strong>quoque</strong></span> <span class='ocrx_word' id='word_1_208' title='bbox 1573 1824 1834 1875; x_wconf 90' lang='lat' dir='ltr'><strong>Pannonios,</strong></span> <span class='ocrx_word' id='word_1_209' title='bbox 1879 1824 2062 1868; x_wconf 68' lang='lat' dir='ltr'><strong>roburso</strong></span> 
     </span>
     <span class='ocr_line' id='line_1_22' title="bbox 223 1897 2012 1957; baseline 0.001 -15"><span class='ocrx_word' id='word_1_210' title='bbox 223 1901 455 1957; x_wconf 85' lang='lat' dir='ltr'><strong>equitatuS‚</strong></span> <span class='ocrx_word' id='word_1_211' title='bbox 497 1899 539 1941; x_wconf 94' lang='lat' dir='ltr'><strong>in</strong></span> <span class='ocrx_word' id='word_1_212' title='bbox 574 1905 693 1956; x_wconf 87' lang='lat' dir='ltr'><strong>parte</strong></span> <span class='ocrx_word' id='word_1_213' title='bbox 733 1898 870 1956; x_wconf 87' lang='lat' dir='ltr'><strong>campi</strong></span> <span class='ocrx_word' id='word_1_214' title='bbox 907 1897 1030 1941; x_wconf 90' lang='lat' dir='ltr'><strong>locat.</strong></span> <span class='ocrx_word' id='word_1_215' title='bbox 1077 1898 1231 1941; x_wconf 91' lang='lat' dir='ltr'><strong>coniux</strong></span> <span class='ocrx_word' id='word_1_216' title='bbox 1270 1911 1322 1941; x_wconf 88' lang='lat' dir='ltr'><strong>ac</strong></span> <span class='ocrx_word' id='word_1_217' title='bbox 1350 1897 1463 1941; x_wconf 91' lang='lat' dir='ltr'><strong>filius</strong></span> <span class='ocrx_word' id='word_1_218' title='bbox 1492 1898 1685 1951; x_wconf 89' lang='lat' dir='ltr'><strong>castello,</strong></span> <span class='ocrx_word' id='word_1_219' title='bbox 1717 1899 1784 1943; x_wconf 88' lang='lat' dir='ltr'><strong>cui</strong></span> <span class='ocrx_word' id='word_1_220' title='bbox 1814 1901 2012 1944; x_wconf 88' lang='lat' dir='ltr'><strong>Arsamo-</strong></span> 
     </span>
     <span class='ocr_line' id='line_1_23' title="bbox 223 1972 2011 2032; baseline 0.001 -14"><span class='ocrx_word' id='word_1_221' title='bbox 223 1981 316 2018; x_wconf 88' lang='lat' dir='ltr'><strong>sata</strong></span> <span class='ocrx_word' id='word_1_222' title='bbox 343 1988 498 2018; x_wconf 91' lang='lat' dir='ltr'><strong>nomen</strong></span> <span class='ocrx_word' id='word_1_223' title='bbox 529 1981 616 2026; x_wconf 89' lang='lat' dir='ltr'><strong>est,</strong></span> <span class='ocrx_word' id='word_1_224' title='bbox 658 1973 810 2024; x_wconf 90' lang='lat' dir='ltr'><strong>abditi,</strong></span> <span class='ocrx_word' id='word_1_225' title='bbox 853 1973 951 2017; x_wconf 91' lang='lat' dir='ltr'><strong>data</strong></span> <span class='ocrx_word' id='word_1_226' title='bbox 990 1973 1031 2015; x_wconf 93' lang='lat' dir='ltr'><strong>in</strong></span> <span class='ocrx_word' id='word_1_227' title='bbox 1059 1972 1325 2030; x_wconf 91' lang='lat' dir='ltr'><strong>praesidium</strong></span> <span class='ocrx_word' id='word_1_228' title='bbox 1355 1973 1530 2017; x_wconf 89' lang='lat' dir='ltr'><strong>cohorte</strong></span> <span class='ocrx_word' id='word_1_229' title='bbox 1560 1987 1611 2018; x_wconf 90' lang='lat' dir='ltr'><strong>ac</strong></span> <span class='ocrx_word' id='word_1_230' title='bbox 1641 1974 1839 2032; x_wconf 91' lang='lat' dir='ltr'><strong>disperso</strong></span> <span class='ocrx_word' id='word_1_231' title='bbox 1867 1975 2011 2028; x_wconf 88' lang='lat' dir='ltr'><strong>milite,</strong></span> 
     </span>
     <span class='ocr_line' id='line_1_24' title="bbox 223 2048 2013 2109; baseline 0.002 -17"><span class='ocrx_word' id='word_1_232' title='bbox 223 2049 297 2107; x_wconf 93' lang='lat' dir='ltr'><strong>qui</strong></span> <span class='ocrx_word' id='word_1_233' title='bbox 341 2053 383 2092; x_wconf 90' lang='lat' dir='ltr'><strong>in</strong></span> <span class='ocrx_word' id='word_1_234' title='bbox 426 2063 514 2094; x_wconf 92' lang='lat' dir='ltr'><strong>uno</strong></span> <span class='ocrx_word' id='word_1_235' title='bbox 551 2048 718 2092; x_wconf 88' lang='lat' dir='ltr'><strong>habitus</strong></span> <span class='ocrx_word' id='word_1_236' title='bbox 757 2063 912 2107; x_wconf 90' lang='lat' dir='ltr'><strong>vagum</strong></span> <span class='ocrx_word' id='word_1_237' title='bbox 947 2048 1116 2093; x_wconf 90' lang='lat' dir='ltr'><strong>hostem</strong></span> <span class='ocrx_word' id='word_1_238' title='bbox 1153 2049 1392 2106; x_wconf 91' lang='lat' dir='ltr'><strong>promptius</strong></span> <span class='ocrx_word' id='word_1_239' title='bbox 1432 2051 1768 2094; x_wconf 87' lang='lat' dir='ltr'><strong>sustentavisset.</strong></span> <span class='ocrx_word' id='word_1_240' title='bbox 1814 2057 1858 2095; x_wconf 93' lang='lat' dir='ltr'><strong>et</strong></span> <span class='ocrx_word' id='word_1_241' title='bbox 1884 2064 2013 2109; x_wconf 86' lang='lat' dir='ltr'><strong>aegre</strong></span> 
     </span>
    </p>
   </div>
   <div class='ocr_carea' id='block_1_3' title="bbox 225 2181 2017 2396">
    <p class='ocr_par' dir='ltr' id='par_1_3' title="bbox 225 2181 2017 2396">
     <span class='ocr_line' id='line_1_25' title="bbox 290 2181 2015 2225; baseline 0.002 -10"><span class='ocrx_word' id='word_1_242' title='bbox 290 2182 322 2215; x_wconf 94' lang='grc'><strong>4.</strong></span> <span class='ocrx_word' id='word_1_243' title='bbox 348 2191 478 2215; x_wconf 66' lang='lat' dir='ltr'><strong>conexa</strong></span> <span class='ocrx_word' id='word_1_244' title='bbox 500 2183 534 2215; x_wconf 99' lang='lat' dir='ltr'>M</span> <span class='ocrx_word' id='word_1_245' title='bbox 559 2199 594 2206; x_wconf 90' lang='lat'>-</span> <span class='ocrx_word' id='word_1_246' title='bbox 622 2183 654 2215; x_wconf 84' lang='lat'><strong>2.</strong></span> <span class='ocrx_word' id='word_1_247' title='bbox 680 2181 806 2214; x_wconf 84' lang='lat' dir='ltr'><strong>balistis</strong></span> <span class='ocrx_word' id='word_1_248' title='bbox 828 2182 880 2218; x_wconf 87' lang='lat' dir='ltr'><strong>M;</strong></span> <span class='ocrx_word' id='word_1_249' title='bbox 906 2181 971 2215; x_wconf 90' lang='lat' dir='ltr'><strong>sed</strong></span> <span class='ocrx_word' id='word_1_250' title='bbox 995 2182 1038 2215; x_wconf 85' lang='lat' dir='ltr'><strong>cf.</strong></span> <span class='ocrx_word' id='word_1_251' title='bbox 1065 2182 1123 2223; x_wconf 77' lang='grc'><strong>42,</strong></span> <span class='ocrx_word' id='word_1_252' title='bbox 1149 2182 1203 2215; x_wconf 74' lang='grc'><strong>56.</strong></span> <span class='ocrx_word' id='word_1_253' title='bbox 1229 2182 1316 2214; x_wconf 85' lang='lat' dir='ltr'><strong>Hist.</strong></span> <span class='ocrx_word' id='word_1_254' title='bbox 1341 2181 1374 2222; x_wconf 88' lang='lat'><strong>3,</strong></span> <span class='ocrx_word' id='word_1_255' title='bbox 1398 2182 1452 2215; x_wconf 93' lang='lat'><strong>23.</strong></span> <span class='ocrx_word' id='word_1_256' title='bbox 1475 2183 1531 2216; x_wconf 86' lang='lat'><strong>29.</strong></span> <span class='ocrx_word' id='word_1_257' title='bbox 1554 2182 1594 2223; x_wconf 72' lang='lat'><strong>4,</strong></span> <span class='ocrx_word' id='word_1_258' title='bbox 1611 2183 1666 2216; x_wconf 89' lang='lat'><strong>23.</strong></span> <span class='ocrx_word' id='word_1_259' title='bbox 1687 2200 1722 2207; x_wconf 90' lang='lat'>—</span> <span class='ocrx_word' id='word_1_260' title='bbox 1750 2193 1830 2225; x_wconf 80' lang='lat' dir='ltr'><strong>quos</strong></span> <span class='ocrx_word' id='word_1_261' title='bbox 1850 2184 2015 2218; x_wconf 87' lang='lat' dir='ltr'><strong>Puteola-</strong></span> 
     </span>
     <span class='ocr_line' id='line_1_26' title="bbox 225 2238 2017 2281; baseline 0.002 -10"><span class='ocrx_word' id='word_1_262' title='bbox 225 2246 313 2271; x_wconf 87' lang='lat' dir='ltr'><strong>nus:</strong></span> <span class='ocrx_word' id='word_1_263' title='bbox 338 2246 404 2278; x_wconf 76' lang='lat' dir='ltr'><strong>quo</strong></span> <span class='ocrx_word' id='word_1_264' title='bbox 427 2239 461 2272; x_wconf 91' lang='lat' dir='ltr'>M</span> <span class='ocrx_word' id='word_1_265' title='bbox 487 2256 523 2262; x_wconf 94' lang='lat'>—</span> <span class='ocrx_word' id='word_1_266' title='bbox 550 2238 581 2271; x_wconf 90' lang='grc'><strong>3.</strong></span> <span class='ocrx_word' id='word_1_267' title='bbox 604 2238 820 2279; x_wconf 79' lang='lat' dir='ltr'><strong>permeabant</strong></span> <span class='ocrx_word' id='word_1_268' title='bbox 844 2239 888 2270; x_wconf 87' lang='lat' dir='ltr'><strong>G:</strong></span> <span class='ocrx_word' id='word_1_269' title='bbox 912 2238 1151 2278; x_wconf 80' lang='lat' dir='ltr'><strong>permanebant</strong></span> <span class='ocrx_word' id='word_1_270' title='bbox 1165 2238 1199 2271; x_wconf 89' lang='lat' dir='ltr'>M</span> <span class='ocrx_word' id='word_1_271' title='bbox 1218 2255 1252 2260; x_wconf 91' lang='lat'>—</span> <span class='ocrx_word' id='word_1_272' title='bbox 1272 2238 1304 2270; x_wconf 82' lang='lat'><strong>6.</strong></span> <span class='ocrx_word' id='word_1_273' title='bbox 1318 2239 1462 2278; x_wconf 73' lang='lat' dir='ltr'><strong>par-atui</strong></span> <span class='ocrx_word' id='word_1_274' title='bbox 1477 2239 1512 2272; x_wconf 92' lang='lat' dir='ltr'>M</span> <span class='ocrx_word' id='word_1_275' title='bbox 1531 2257 1566 2263; x_wconf 88' lang='lat'><em>-</em></span> <span class='ocrx_word' id='word_1_276' title='bbox 1586 2239 1638 2272; x_wconf 90' lang='grc'><strong>40.</strong></span> <span class='ocrx_word' id='word_1_277' title='bbox 1655 2240 1751 2281; x_wconf 81' lang='lat' dir='ltr'><strong>fama</strong></span> <span class='ocrx_word' id='word_1_278' title='bbox 1766 2241 1799 2274; x_wconf 89' lang='lat' dir='ltr'>M</span> <span class='ocrx_word' id='word_1_279' title='bbox 1817 2259 1854 2265; x_wconf 95' lang='lat'>—</span> <span class='ocrx_word' id='word_1_280' title='bbox 1871 2242 1924 2274; x_wconf 86' lang='grc'><strong>45.</strong></span> <span class='ocrx_word' id='word_1_281' title='bbox 1942 2241 2017 2274; x_wconf 80' lang='lat' dir='ltr'><strong>bal-</strong></span> 
     </span>
     <span class='ocr_line' id='line_1_27' title="bbox 225 2292 2013 2339; baseline 0.003 -12"><span class='ocrx_word' id='word_1_282' title='bbox 225 2294 295 2327; x_wconf 82' lang='lat' dir='ltr'><strong>lum</strong></span> <span class='ocrx_word' id='word_1_283' title='bbox 317 2295 350 2328; x_wconf 87' lang='grc' dir='ltr'><strong>Μ</strong></span> <span class='ocrx_word' id='word_1_284' title='bbox 368 2312 403 2318; x_wconf 86' lang='grc'><strong>-</strong></span> <span class='ocrx_word' id='word_1_285' title='bbox 430 2295 483 2326; x_wconf 91' lang='grc'><strong>46.</strong></span> <span class='ocrx_word' id='word_1_286' title='bbox 504 2295 636 2335; x_wconf 84' lang='lat' dir='ltr'><strong>praelio</strong></span> <span class='ocrx_word' id='word_1_287' title='bbox 651 2296 685 2329; x_wconf 91' lang='grc' dir='ltr'><strong>Μ</strong></span> <span class='ocrx_word' id='word_1_288' title='bbox 704 2313 737 2318; x_wconf 93' lang='grc'>-</span> <span class='ocrx_word' id='word_1_289' title='bbox 759 2295 810 2327; x_wconf 83' lang='grc'><strong>47.</strong></span> <span class='ocrx_word' id='word_1_290' title='bbox 828 2295 1018 2328; x_wconf 66' lang='lat' dir='ltr'><strong>centurione</strong></span> <span class='ocrx_word' id='word_1_291' title='bbox 1034 2295 1068 2329; x_wconf 91' lang='grc' dir='ltr'><strong>Μ</strong></span> <span class='ocrx_word' id='word_1_292' title='bbox 1086 2310 1121 2318; x_wconf 94' lang='grc'>-</span> <span class='ocrx_word' id='word_1_293' title='bbox 1143 2294 1195 2327; x_wconf 85' lang='grc'><strong>49.</strong></span> <span class='ocrx_word' id='word_1_294' title='bbox 1211 2292 1337 2336; x_wconf 69' lang='lat' dir='ltr'><strong>fiducia</strong></span> <span class='ocrx_word' id='word_1_295' title='bbox 1351 2295 1384 2328; x_wconf 91' lang='lat' dir='ltr'>M</span> <span class='ocrx_word' id='word_1_296' title='bbox 1402 2312 1436 2318; x_wconf 90' lang='lat'><strong>-—</strong></span> <span class='ocrx_word' id='word_1_297' title='bbox 1458 2296 1581 2336; x_wconf 80' lang='lat' dir='ltr'><strong>peditis</strong></span> <span class='ocrx_word' id='word_1_298' title='bbox 1596 2297 1762 2330; x_wconf 84' lang='lat' dir='ltr'><strong>Pichena:</strong></span> <span class='ocrx_word' id='word_1_299' title='bbox 1786 2298 1911 2339; x_wconf 80' lang='lat' dir='ltr'><strong>pedites</strong></span> <span class='ocrx_word' id='word_1_300' title='bbox 1925 2298 1959 2332; x_wconf 91' lang='lat' dir='ltr'>M</span> <span class='ocrx_word' id='word_1_301' title='bbox 1977 2315 2013 2321; x_wconf 93' lang='lat'>—</span> 
     </span>
     <span class='ocr_line' id='line_1_28' title="bbox 226 2351 2013 2396; baseline 0.002 -12"><span class='ocrx_word' id='word_1_302' title='bbox 226 2351 281 2385; x_wconf 87' lang='lat'><strong>23.</strong></span> <span class='ocrx_word' id='word_1_303' title='bbox 298 2352 545 2385; x_wconf 73' lang='lat' dir='ltr'><strong>sustemaaisset</strong></span> <span class='ocrx_word' id='word_1_304' title='bbox 564 2355 595 2385; x_wconf 83' lang='lat' dir='ltr'><strong>et</strong></span> <span class='ocrx_word' id='word_1_305' title='bbox 613 2361 690 2394; x_wconf 72' lang='lat' dir='ltr'><strong>cyre</strong></span> <span class='ocrx_word' id='word_1_306' title='bbox 707 2353 759 2391; x_wconf 89' lang='lat' dir='ltr'><strong>M;</strong></span> <span class='ocrx_word' id='word_1_307' title='bbox 779 2353 1034 2386; x_wconf 66' lang='lat' dir='ltr'><strong>nasteneavisset.</strong></span> <span class='ocrx_word' id='word_1_308' title='bbox 1052 2361 1153 2394; x_wconf 72' lang='lat' dir='ltr'><strong>aeyre</strong></span> <span class='ocrx_word' id='word_1_309' title='bbox 1167 2352 1375 2391; x_wconf 81' lang='lat' dir='ltr'><strong>Rhenanus3</strong></span> <span class='ocrx_word' id='word_1_310' title='bbox 1397 2353 1653 2387; x_wconf 77' lang='lat' dir='ltr'><strong>sustentavisset.</strong></span> <span class='ocrx_word' id='word_1_311' title='bbox 1669 2353 1712 2376; x_wconf 45' lang='grc' dir='ltr'>ἢ</span> <span class='ocrx_word' id='word_1_312' title='bbox 1726 2357 1758 2387; x_wconf 86' lang='lat' dir='ltr'><strong>et</strong></span> <span class='ocrx_word' id='word_1_313' title='bbox 1772 2362 1874 2396; x_wconf 71' lang='lat' dir='ltr'><strong>aeyro</strong></span> <span class='ocrx_word' id='word_1_314' title='bbox 1887 2354 2013 2388; x_wconf 83' lang='lat' dir='ltr'><strong>Haase.</strong></span> 
     </span>
    </p>
   </div>
   <div class='ocr_carea' id='block_1_4' title="bbox 230 2474 1099 2518">
    <p class='ocr_par' dir='ltr' id='par_1_4' title="bbox 230 2474 1099 2518">
     <span class='ocr_line' id='line_1_29' title="bbox 230 2474 1099 2518; baseline -0.001 -9"><span class='ocrx_word' id='word_1_315' title='bbox 230 2484 300 2509; x_wconf 89' lang='lat' dir='ltr'><strong>non</strong></span> <span class='ocrx_word' id='word_1_316' title='bbox 324 2474 436 2515; x_wconf 89' lang='lat' dir='ltr'><strong>aliud,</strong></span> <span class='ocrx_word' id='word_1_317' title='bbox 470 2484 577 2517; x_wconf 84' lang='lat' dir='ltr'><strong>quam</strong></span> <span class='ocrx_word' id='word_1_318' title='bbox 601 2476 759 2517; x_wconf 88' lang='lat' dir='ltr'><strong>speciem</strong></span> <span class='ocrx_word' id='word_1_319' title='bbox 783 2477 819 2508; x_wconf 90' lang='lat' dir='ltr'><strong>et</strong></span> <span class='ocrx_word' id='word_1_320' title='bbox 842 2478 960 2509; x_wconf 88' lang='lat' dir='ltr'><strong>notam</strong></span> <span class='ocrx_word' id='word_1_321' title='bbox 985 2476 1099 2518; x_wconf 82' lang='lat' dir='ltr'><strong>digni-</strong></span> 
     </span>
    </p>
   </div>
   <div class='ocr_carea' id='block_1_5' title="bbox 229 2476 2017 2567">
    <p class='ocr_par' dir='ltr' id='par_1_5' title="bbox 229 2476 2017 2567">
     <span class='ocr_line' id='line_1_30' title="bbox 1191 2476 2017 2519; baseline 0.005 -11"><span class='ocrx_word' id='word_1_322' title='bbox 1191 2476 1244 2508; x_wconf 94' lang='grc'><strong>40.</strong></span> <span class='ocrx_word' id='word_1_323' title='bbox 1267 2476 1510 2518; x_wconf 76' lang='lat' dir='ltr'><strong>infrequentia]</strong></span> <span class='ocrx_word' id='word_1_324' title='bbox 1540 2478 1687 2519; x_wconf 83' lang='lat' dir='ltr'><strong>exiguus</strong></span> <span class='ocrx_word' id='word_1_325' title='bbox 1714 2477 1864 2511; x_wconf 91' lang='lat' dir='ltr'><strong>militum</strong></span> <span class='ocrx_word' id='word_1_326' title='bbox 1887 2488 2017 2512; x_wconf 90' lang='lat' dir='ltr'><strong>nume-</strong></span> 
     </span>
     <span class='ocr_line' id='line_1_31' title="bbox 229 2525 1099 2567; baseline 0.001 -9"><span class='ocrx_word' id='word_1_327' title='bbox 229 2526 319 2559; x_wconf 87' lang='lat' dir='ltr'><strong>tatis.</strong></span> <span class='ocrx_word' id='word_1_328' title='bbox 346 2527 431 2558; x_wconf 76' lang='lat' dir='ltr'><strong>Lirs.</strong></span> <span class='ocrx_word' id='word_1_329' title='bbox 459 2543 494 2548; x_wconf 98' lang='lat'><strong>—</strong></span> <span class='ocrx_word' id='word_1_330' title='bbox 521 2525 693 2567; x_wconf 76' lang='lat' dir='ltr'><strong>adsistens]</strong></span> <span class='ocrx_word' id='word_1_331' title='bbox 723 2527 761 2558; x_wconf 91' lang='lat' dir='ltr'><strong>ut</strong></span> <span class='ocrx_word' id='word_1_332' title='bbox 787 2528 1004 2559; x_wconf 88' lang='lat' dir='ltr'><strong>mactaretur</strong></span> <span class='ocrx_word' id='word_1_333' title='bbox 1026 2528 1099 2560; x_wconf 88' lang='lat' dir='ltr'><strong>sta-</strong></span> 
     </span>
    </p>
   </div>
   <div class='ocr_carea' id='block_1_6' title="bbox 1147 2526 2017 2568">
    <p class='ocr_par' dir='ltr' id='par_1_6' title="bbox 1147 2526 2017 2568">
     <span class='ocr_line' id='line_1_32' title="bbox 1147 2526 2017 2568; baseline 0.006 -11"><span class='ocrx_word' id='word_1_334' title='bbox 1147 2534 1226 2565; x_wconf 87' lang='lat' dir='ltr'><strong>rus,</strong></span> <span class='ocrx_word' id='word_1_335' title='bbox 1252 2526 1334 2567; x_wconf 84' lang='lat' dir='ltr'><strong>quia</strong></span> <span class='ocrx_word' id='word_1_336' title='bbox 1357 2534 1423 2568; x_wconf 88' lang='lat' dir='ltr'><strong>per</strong></span> <span class='ocrx_word' id='word_1_337' title='bbox 1447 2530 1669 2561; x_wconf 84' lang='lat' dir='ltr'><strong>commeatus</strong></span> <span class='ocrx_word' id='word_1_338' title='bbox 1691 2527 1767 2561; x_wconf 89' lang='lat' dir='ltr'><strong>illos</strong></span> <span class='ocrx_word' id='word_1_339' title='bbox 1789 2529 1894 2562; x_wconf 90' lang='lat' dir='ltr'><strong>nimis</strong></span> <span class='ocrx_word' id='word_1_340' title='bbox 1918 2528 2017 2562; x_wconf 90' lang='lat' dir='ltr'><strong>multi</strong></span> 
     </span>
    </p>
   </div>
   <div class='ocr_carea' id='block_1_7' title="bbox 229 2576 1106 3463">
    <p class='ocr_par' dir='ltr' id='par_1_7' title="bbox 229 2576 1100 2708">
     <span class='ocr_line' id='line_1_33' title="bbox 229 2576 1097 2618; baseline 0.001 -10"><span class='ocrx_word' id='word_1_341' title='bbox 229 2577 292 2608; x_wconf 91' lang='lat' dir='ltr'><strong>tim</strong></span> <span class='ocrx_word' id='word_1_342' title='bbox 321 2577 402 2618; x_wconf 88' lang='lat' dir='ltr'><strong>post</strong></span> <span class='ocrx_word' id='word_1_343' title='bbox 421 2576 605 2617; x_wconf 80' lang='lat' dir='ltr'><strong>perfectam</strong></span> <span class='ocrx_word' id='word_1_344' title='bbox 629 2576 872 2609; x_wconf 86' lang='lat' dir='ltr'><strong>munitionem.</strong></span> <span class='ocrx_word' id='word_1_345' title='bbox 901 2594 937 2600; x_wconf 85' lang='lat'><strong>—·</strong></span> <span class='ocrx_word' id='word_1_346' title='bbox 974 2576 1097 2618; x_wconf 86' lang='lat' dir='ltr'><strong>arsere]</strong></span> 
     </span>
     <span class='ocr_line' id='line_1_34' title="bbox 231 2624 1100 2668; baseline 0 -10"><span class='ocrx_word' id='word_1_347' title='bbox 231 2627 269 2658; x_wconf 84' lang='lat' dir='ltr'><strong>ut</strong></span> <span class='ocrx_word' id='word_1_348' title='bbox 292 2626 351 2664; x_wconf 73' lang='grc'><strong>42,</strong></span> <span class='ocrx_word' id='word_1_349' title='bbox 377 2624 436 2659; x_wconf 69' lang='lat'><strong>64:</strong></span> <span class='ocrx_word' id='word_1_350' title='bbox 473 2625 580 2667; x_wconf 66' lang='lat' dir='ltr'><strong>Signa</strong></span> <span class='ocrx_word' id='word_1_351' title='bbox 612 2634 654 2657; x_wconf 86' lang='lat' dir='ltr'><strong>ac</strong></span> <span class='ocrx_word' id='word_1_352' title='bbox 682 2627 825 2658; x_wconf 84' lang='lat' dir='ltr'><strong>tentoria</strong></span> <span class='ocrx_word' id='word_1_353' title='bbox 851 2626 995 2658; x_wconf 77' lang='lat' dir='ltr'><strong>militam</strong></span> <span class='ocrx_word' id='word_1_354' title='bbox 1024 2627 1100 2668; x_wconf 68' lang='grc' dir='ltr'><strong>ὄργια</strong></span> 
     </span>
     <span class='ocr_line' id='line_1_35' title="bbox 229 2674 1063 2708; baseline 0.001 -1"><span class='ocrx_word' id='word_1_355' title='bbox 229 2675 362 2708; x_wconf 86' lang='lat' dir='ltr'><strong>caelesti</strong></span> <span class='ocrx_word' id='word_1_356' title='bbox 383 2683 506 2708; x_wconf 84' lang='lat' dir='ltr'><strong>arsere.</strong></span> <span class='ocrx_word' id='word_1_357' title='bbox 541 2675 601 2708; x_wconf 90' lang='lat' dir='ltr'><strong>Est</strong></span> <span class='ocrx_word' id='word_1_358' title='bbox 622 2675 822 2707; x_wconf 89' lang='lat' dir='ltr'><strong>meteorum</strong></span> <span class='ocrx_word' id='word_1_359' title='bbox 847 2674 1063 2708; x_wconf 89' lang='lat' dir='ltr'><strong>electricum.</strong></span> 
     </span>
    </p>

    <p class='ocr_par' dir='ltr' id='par_1_8' title="bbox 231 2725 1103 3056">
     <span class='ocr_line' id='line_1_36' title="bbox 273 2725 1100 2767; baseline -0.001 -9"><span class='ocrx_word' id='word_1_360' title='bbox 273 2725 305 2758; x_wconf 90' lang='lat'><strong>8.</strong></span> <span class='ocrx_word' id='word_1_361' title='bbox 323 2725 548 2766; x_wconf 82' lang='lat' dir='ltr'><strong>reciperandis</strong></span> <span class='ocrx_word' id='word_1_362' title='bbox 560 2742 604 2749; x_wconf 91' lang='lat'><strong>--</strong></span> <span class='ocrx_word' id='word_1_363' title='bbox 619 2725 871 2767; x_wconf 66' lang='lat' dir='ltr'><strong>Tigranocertis]</strong></span> <span class='ocrx_word' id='word_1_364' title='bbox 889 2725 983 2758; x_wconf 90' lang='lat' dir='ltr'><strong>unde</strong></span> <span class='ocrx_word' id='word_1_365' title='bbox 996 2734 1100 2757; x_wconf 88' lang='lat' dir='ltr'><strong>exer-</strong></span> 
     </span>
     <span class='ocr_line' id='line_1_37' title="bbox 231 2774 1099 2817; baseline 0 -10"><span class='ocrx_word' id='word_1_366' title='bbox 231 2776 341 2808; x_wconf 87' lang='lat' dir='ltr'><strong>citum</strong></span> <span class='ocrx_word' id='word_1_367' title='bbox 371 2776 569 2808; x_wconf 85' lang='lat' dir='ltr'><strong>Romanum</strong></span> <span class='ocrx_word' id='word_1_368' title='bbox 599 2774 793 2807; x_wconf 89' lang='lat' dir='ltr'><strong>deductum</strong></span> <span class='ocrx_word' id='word_1_369' title='bbox 825 2783 905 2808; x_wconf 89' lang='lat' dir='ltr'><strong>esse</strong></span> <span class='ocrx_word' id='word_1_370' title='bbox 936 2776 1034 2817; x_wconf 87' lang='lat' dir='ltr'><strong>patet</strong></span> <span class='ocrx_word' id='word_1_371' title='bbox 1056 2784 1099 2807; x_wconf 87' lang='lat' dir='ltr'><strong>ex</strong></span> 
     </span>
     <span class='ocr_line' id='line_1_38' title="bbox 232 2823 1099 2866; baseline 0 -9"><span class='ocrx_word' id='word_1_372' title='bbox 232 2824 459 2858; x_wconf 87' lang='lat' dir='ltr'><strong>sermonibus</strong></span> <span class='ocrx_word' id='word_1_373' title='bbox 483 2833 515 2858; x_wconf 85' lang='lat' dir='ltr'><strong>e.</strong></span> <span class='ocrx_word' id='word_1_374' title='bbox 532 2825 552 2857; x_wconf 82' lang='lat'><strong>6</strong></span> <span class='ocrx_word' id='word_1_375' title='bbox 575 2825 671 2856; x_wconf 90' lang='lat' dir='ltr'><strong>initio</strong></span> <span class='ocrx_word' id='word_1_376' title='bbox 695 2823 819 2856; x_wconf 90' lang='lat' dir='ltr'><strong>allatis.</strong></span> <span class='ocrx_word' id='word_1_377' title='bbox 843 2842 879 2848; x_wconf 92' lang='lat'><em>-</em></span> <span class='ocrx_word' id='word_1_378' title='bbox 904 2834 981 2857; x_wconf 82' lang='lat' dir='ltr'><strong>cum</strong></span> <span class='ocrx_word' id='word_1_379' title='bbox 1003 2825 1099 2866; x_wconf 88' lang='lat' dir='ltr'><strong>cura]</strong></span> 
     </span>
     <span class='ocr_line' id='line_1_39' title="bbox 233 2874 1101 2916; baseline 0.002 -11"><span class='ocrx_word' id='word_1_380' title='bbox 233 2874 256 2907; x_wconf 85' lang='lat' dir='ltr'><strong>i.</strong></span> <span class='ocrx_word' id='word_1_381' title='bbox 281 2882 313 2906; x_wconf 85' lang='lat' dir='ltr'><strong>e.</strong></span> <span class='ocrx_word' id='word_1_382' title='bbox 346 2874 391 2906; x_wconf 89' lang='lat' dir='ltr'><strong>ita</strong></span> <span class='ocrx_word' id='word_1_383' title='bbox 419 2875 458 2906; x_wconf 92' lang='lat' dir='ltr'><strong>ut</strong></span> <span class='ocrx_word' id='word_1_384' title='bbox 485 2883 555 2907; x_wconf 92' lang='lat' dir='ltr'><strong>non</strong></span> <span class='ocrx_word' id='word_1_385' title='bbox 578 2875 886 2916; x_wconf 85' lang='lat' dir='ltr'><strong>corrumperetur,</strong></span> <span class='ocrx_word' id='word_1_386' title='bbox 918 2874 983 2907; x_wconf 90' lang='lat' dir='ltr'><strong>sed</strong></span> <span class='ocrx_word' id='word_1_387' title='bbox 1014 2883 1101 2907; x_wconf 85' lang='lat' dir='ltr'><strong>con-</strong></span> 
     </span>
     <span class='ocr_line' id='line_1_40' title="bbox 233 2923 1103 2965; baseline 0.001 -10"><span class='ocrx_word' id='word_1_388' title='bbox 233 2925 436 2955; x_wconf 85' lang='lat' dir='ltr'><strong>servaretur</strong></span> <span class='ocrx_word' id='word_1_389' title='bbox 458 2923 604 2965; x_wconf 79' lang='lat' dir='ltr'><strong>integra.</strong></span> <span class='ocrx_word' id='word_1_390' title='bbox 637 2924 768 2956; x_wconf 88' lang='lat' dir='ltr'><strong>Curam</strong></span> <span class='ocrx_word' id='word_1_391' title='bbox 792 2923 947 2956; x_wconf 86' lang='lat' dir='ltr'><strong>defuisse</strong></span> <span class='ocrx_word' id='word_1_392' title='bbox 971 2923 1103 2957; x_wconf 86' lang='lat' dir='ltr'><strong>docent</strong></span> 
     </span>
     <span class='ocr_line' id='line_1_41' title="bbox 233 2972 1102 3015; baseline 0.001 -9"><span class='ocrx_word' id='word_1_393' title='bbox 233 2972 344 3006; x_wconf 86' lang='lat' dir='ltr'><strong>verba</strong></span> <span class='ocrx_word' id='word_1_394' title='bbox 367 2974 570 3015; x_wconf 88' lang='lat' dir='ltr'><strong>sequentia:</strong></span> <span class='ocrx_word' id='word_1_395' title='bbox 606 2977 764 3015; x_wconf 85' lang='lat' dir='ltr'><strong>corrupto</strong></span> <span class='ocrx_word' id='word_1_396' title='bbox 792 2975 850 3015; x_wconf 84' lang='lat' dir='ltr'><strong>qui</strong></span> <span class='ocrx_word' id='word_1_397' title='bbox 882 2977 1000 3015; x_wconf 86' lang='lat' dir='ltr'><strong>captus</strong></span> <span class='ocrx_word' id='word_1_398' title='bbox 1029 2977 1102 3007; x_wconf 84' lang='lat' dir='ltr'><strong>erat</strong></span> 
     </span>
     <span class='ocr_line' id='line_1_42' title="bbox 234 3026 429 3056; baseline 0.005 -1"><span class='ocrx_word' id='word_1_399' title='bbox 234 3026 429 3056; x_wconf 73' lang='lat' dir='ltr'><strong>comeatu.</strong></span> 
     </span>
    </p>

    <p class='ocr_par' dir='ltr' id='par_1_9' title="bbox 237 3073 1106 3463">
     <span class='ocr_line' id='line_1_43' title="bbox 279 3073 1102 3115; baseline 0 -9"><span class='ocrx_word' id='word_1_400' title='bbox 279 3074 312 3106; x_wconf 79' lang='lat'><strong>9.</strong></span> <span class='ocrx_word' id='word_1_401' title='bbox 343 3073 775 3115; x_wconf 80' lang='lat' dir='ltr'><strong>subiectis--volilabantJ</strong></span> <span class='ocrx_word' id='word_1_402' title='bbox 807 3075 858 3106; x_wconf 90' lang='lat' dir='ltr'><strong>De</strong></span> <span class='ocrx_word' id='word_1_403' title='bbox 893 3074 962 3107; x_wconf 84' lang='lat' dir='ltr'><strong>hoc</strong></span> <span class='ocrx_word' id='word_1_404' title='bbox 991 3074 1102 3106; x_wconf 89' lang='lat' dir='ltr'><strong>hexa-</strong></span> 
     </span>
     <span class='ocr_line' id='line_1_44' title="bbox 237 3124 1102 3166; baseline 0 -10"><span class='ocrx_word' id='word_1_405' title='bbox 237 3125 351 3157; x_wconf 85' lang='lat' dir='ltr'><strong>metro</strong></span> <span class='ocrx_word' id='word_1_406' title='bbox 368 3124 413 3156; x_wconf 88' lang='lat' dir='ltr'><strong>cf.</strong></span> <span class='ocrx_word' id='word_1_407' title='bbox 432 3124 464 3163; x_wconf 90' lang='grc'><strong>4,</strong></span> <span class='ocrx_word' id='word_1_408' title='bbox 483 3125 514 3156; x_wconf 92' lang='grc'><strong>4.</strong></span> <span class='ocrx_word' id='word_1_409' title='bbox 534 3140 570 3147; x_wconf 88' lang='grc'><strong>-</strong></span> <span class='ocrx_word' id='word_1_410' title='bbox 587 3133 714 3166; x_wconf 67' lang='lat' dir='ltr'><strong>magna</strong></span> <span class='ocrx_word' id='word_1_411' title='bbox 727 3124 841 3164; x_wconf 82' lang='lat' dir='ltr'><strong>specie]</strong></span> <span class='ocrx_word' id='word_1_412' title='bbox 858 3124 905 3156; x_wconf 88' lang='lat' dir='ltr'><strong>ita</strong></span> <span class='ocrx_word' id='word_1_413' title='bbox 921 3125 960 3156; x_wconf 87' lang='lat' dir='ltr'><strong>ut</strong></span> <span class='ocrx_word' id='word_1_414' title='bbox 977 3133 1102 3165; x_wconf 87' lang='lat' dir='ltr'><strong>magna</strong></span> 
     </span>
     <span class='ocr_line' id='line_1_45' title="bbox 238 3173 1106 3214; baseline -0.002 -7"><span class='ocrx_word' id='word_1_415' title='bbox 238 3182 317 3207; x_wconf 88' lang='lat' dir='ltr'><strong>esse</strong></span> <span class='ocrx_word' id='word_1_416' title='bbox 334 3174 517 3206; x_wconf 87' lang='lat' dir='ltr'><strong>videretur</strong></span> <span class='ocrx_word' id='word_1_417' title='bbox 535 3182 659 3206; x_wconf 88' lang='lat' dir='ltr'><strong>eorum</strong></span> <span class='ocrx_word' id='word_1_418' title='bbox 681 3173 878 3206; x_wconf 90' lang='lat' dir='ltr'><strong>multitudo.</strong></span> <span class='ocrx_word' id='word_1_419' title='bbox 900 3191 935 3196; x_wconf 98' lang='lat'><strong>—</strong></span> <span class='ocrx_word' id='word_1_420' title='bbox 954 3174 1106 3214; x_wconf 83' lang='lat' dir='ltr'><strong>catapul-</strong></span> 
     </span>
     <span class='ocr_line' id='line_1_46' title="bbox 237 3221 1104 3264; baseline -0.001 -8"><span class='ocrx_word' id='word_1_421' title='bbox 237 3223 343 3264; x_wconf 79' lang='lat' dir='ltr'><strong>tisque</strong></span> <span class='ocrx_word' id='word_1_422' title='bbox 370 3227 401 3256; x_wconf 80' lang='lat' dir='ltr'><strong>et</strong></span> <span class='ocrx_word' id='word_1_423' title='bbox 427 3222 580 3264; x_wconf 81' lang='lat' dir='ltr'><strong>ballistis]</strong></span> <span class='ocrx_word' id='word_1_424' title='bbox 605 3221 795 3264; x_wconf 83' lang='lat' dir='ltr'><strong>catapultis</strong></span> <span class='ocrx_word' id='word_1_425' title='bbox 817 3223 941 3255; x_wconf 86' lang='lat' dir='ltr'><strong>hastae</strong></span> <span class='ocrx_word' id='word_1_426' title='bbox 964 3222 1104 3255; x_wconf 85' lang='lat' dir='ltr'><strong>trabes-</strong></span> 
     </span>
     <span class='ocr_line' id='line_1_47' title="bbox 238 3271 1103 3314; baseline -0.002 -9"><span class='ocrx_word' id='word_1_427' title='bbox 238 3281 329 3314; x_wconf 85' lang='lat' dir='ltr'><strong>que,</strong></span> <span class='ocrx_word' id='word_1_428' title='bbox 360 3271 506 3305; x_wconf 89' lang='lat' dir='ltr'><strong>ballistis</strong></span> <span class='ocrx_word' id='word_1_429' title='bbox 536 3280 618 3304; x_wconf 87' lang='lat' dir='ltr'><strong>saxa</strong></span> <span class='ocrx_word' id='word_1_430' title='bbox 650 3271 892 3304; x_wconf 84' lang='lat' dir='ltr'><strong>mittebantur.</strong></span> <span class='ocrx_word' id='word_1_431' title='bbox 930 3272 1103 3313; x_wconf 88' lang='lat' dir='ltr'><strong>Utraeque</strong></span> 
     </span>
     <span class='ocr_line' id='line_1_48' title="bbox 238 3320 1102 3362; baseline -0.001 -8"><span class='ocrx_word' id='word_1_432' title='bbox 238 3322 499 3354; x_wconf 85' lang='lat' dir='ltr'><strong>tormentorum</strong></span> <span class='ocrx_word' id='word_1_433' title='bbox 514 3322 657 3354; x_wconf 89' lang='lat' dir='ltr'><strong>nomine</strong></span> <span class='ocrx_word' id='word_1_434' title='bbox 673 3320 1034 3362; x_wconf 83' lang='lat' dir='ltr'><strong>comprehenduntur.</strong></span> <span class='ocrx_word' id='word_1_435' title='bbox 1051 3321 1102 3354; x_wconf 89' lang='lat' dir='ltr'><strong>Cf.</strong></span> 
     </span>
     <span class='ocr_line' id='line_1_49' title="bbox 239 3370 1105 3413; baseline 0.001 -11"><span class='ocrx_word' id='word_1_436' title='bbox 239 3370 280 3409; x_wconf 84' lang='lat'><strong>2,</strong></span> <span class='ocrx_word' id='word_1_437' title='bbox 304 3371 359 3403; x_wconf 84' lang='lat'><strong>20.</strong></span> <span class='ocrx_word' id='word_1_438' title='bbox 385 3371 445 3411; x_wconf 88' lang='grc'><strong>43,</strong></span> <span class='ocrx_word' id='word_1_439' title='bbox 470 3371 523 3404; x_wconf 87' lang='grc'><strong>39.</strong></span> <span class='ocrx_word' id='word_1_440' title='bbox 553 3388 589 3395; x_wconf 89' lang='grc'>-</span> <span class='ocrx_word' id='word_1_441' title='bbox 614 3370 860 3413; x_wconf 76' lang='lat' dir='ltr'><strong>commeatibus]</strong></span> <span class='ocrx_word' id='word_1_442' title='bbox 893 3371 915 3403; x_wconf 92' lang='lat' dir='ltr'><strong>i.</strong></span> <span class='ocrx_word' id='word_1_443' title='bbox 941 3379 972 3403; x_wconf 86' lang='lat' dir='ltr'><strong>e.</strong></span> <span class='ocrx_word' id='word_1_444' title='bbox 997 3379 1105 3403; x_wconf 86' lang='lat' dir='ltr'><strong>vaca-</strong></span> 
     </span>
     <span class='ocr_line' id='line_1_50' title="bbox 240 3420 813 3463; baseline 0 -10"><span class='ocrx_word' id='word_1_445' title='bbox 240 3420 411 3463; x_wconf 79' lang='lat' dir='ltr'><strong>tionibus,</strong></span> <span class='ocrx_word' id='word_1_446' title='bbox 438 3420 813 3462; x_wconf 70' lang='lat' dir='ltr'><strong>Urlaubsoruwuunqen.</strong></span> 
     </span>
    </p>
   </div>
   <div class='ocr_carea' id='block_1_8' title="bbox 1147 2574 2021 3470">
    <p class='ocr_par' dir='ltr' id='par_1_10' title="bbox 1147 2574 2021 3470">
     <span class='ocr_line' id='line_1_51' title="bbox 1148 2574 2018 2617; baseline 0.007 -11"><span class='ocrx_word' id='word_1_447' title='bbox 1148 2574 1309 2607; x_wconf 86' lang='lat' dir='ltr'><strong>abierant</strong></span> <span class='ocrx_word' id='word_1_448' title='bbox 1332 2584 1352 2607; x_wconf 92' lang='lat' dir='ltr'><strong>a</strong></span> <span class='ocrx_word' id='word_1_449' title='bbox 1376 2574 1514 2617; x_wconf 86' lang='lat' dir='ltr'><strong>legione</strong></span> <span class='ocrx_word' id='word_1_450' title='bbox 1537 2577 1574 2609; x_wconf 94' lang='lat' dir='ltr'><strong>in</strong></span> <span class='ocrx_word' id='word_1_451' title='bbox 1596 2576 1693 2611; x_wconf 89' lang='lat' dir='ltr'><strong>locos</strong></span> <span class='ocrx_word' id='word_1_452' title='bbox 1709 2586 1880 2611; x_wconf 91' lang='lat' dir='ltr'><strong>amoenos</strong></span> <span class='ocrx_word' id='word_1_453' title='bbox 1895 2587 1938 2611; x_wconf 88' lang='lat' dir='ltr'><strong>ac</strong></span> <span class='ocrx_word' id='word_1_454' title='bbox 1953 2587 2018 2612; x_wconf 85' lang='lat' dir='ltr'><strong>vo—</strong></span> 
     </span>
     <span class='ocr_line' id='line_1_52' title="bbox 1147 2623 2017 2670; baseline 0.006 -13"><span class='ocrx_word' id='word_1_455' title='bbox 1147 2623 1328 2667; x_wconf 84' lang='lat' dir='ltr'><strong>luptarios.</strong></span> <span class='ocrx_word' id='word_1_456' title='bbox 1357 2644 1390 2650; x_wconf 97' lang='lat'>—</span> <span class='ocrx_word' id='word_1_457' title='bbox 1418 2626 1524 2669; x_wconf 78' lang='lat' dir='ltr'><strong>eludi]</strong></span> <span class='ocrx_word' id='word_1_458' title='bbox 1553 2626 1677 2660; x_wconf 88' lang='lat' dir='ltr'><strong>callide</strong></span> <span class='ocrx_word' id='word_1_459' title='bbox 1700 2627 1881 2662; x_wconf 88' lang='lat' dir='ltr'><strong>declinari.</strong></span> <span class='ocrx_word' id='word_1_460' title='bbox 1908 2629 1959 2662; x_wconf 89' lang='lat' dir='ltr'><strong>Cf.</strong></span> <span class='ocrx_word' id='word_1_461' title='bbox 1983 2630 2017 2670; x_wconf 91' lang='grc'><strong>4,</strong></span> 
     </span>
     <span class='ocr_line' id='line_1_53' title="bbox 1148 2675 2017 2720; baseline 0.006 -13"><span class='ocrx_word' id='word_1_462' title='bbox 1148 2675 1201 2707; x_wconf 80' lang='grc'><strong>35.</strong></span> <span class='ocrx_word' id='word_1_463' title='bbox 1220 2675 1258 2714; x_wconf 86' lang='lat'><strong>2,</strong></span> <span class='ocrx_word' id='word_1_464' title='bbox 1276 2676 1330 2708; x_wconf 83' lang='lat'><strong>52.</strong></span> <span class='ocrx_word' id='word_1_465' title='bbox 1352 2693 1388 2700; x_wconf 88' lang='lat'>—</span> <span class='ocrx_word' id='word_1_466' title='bbox 1407 2679 1520 2710; x_wconf 86' lang='lat' dir='ltr'><strong>tractu</strong></span> <span class='ocrx_word' id='word_1_467' title='bbox 1541 2677 1625 2720; x_wconf 81' lang='lat' dir='ltr'><strong>belii]</strong></span> <span class='ocrx_word' id='word_1_468' title='bbox 1650 2679 1835 2719; x_wconf 87' lang='lat' dir='ltr'><strong>trahendo,</strong></span> <span class='ocrx_word' id='word_1_469' title='bbox 1853 2679 2017 2712; x_wconf 89' lang='lat' dir='ltr'><strong>ducendo</strong></span> 
     </span>
     <span class='ocr_line' id='line_1_54' title="bbox 1148 2723 2016 2772; baseline 0.007 -15"><span class='ocrx_word' id='word_1_470' title='bbox 1148 2723 1293 2758; x_wconf 89' lang='lat' dir='ltr'><strong>bellum.</strong></span> <span class='ocrx_word' id='word_1_471' title='bbox 1323 2744 1358 2749; x_wconf 92' lang='lat'>—</span> <span class='ocrx_word' id='word_1_472' title='bbox 1378 2728 1540 2768; x_wconf 76' lang='lat' dir='ltr'><strong>proximo</strong></span> <span class='ocrx_word' id='word_1_473' title='bbox 1564 2729 1668 2762; x_wconf 81' lang='lat' dir='ltr'><strong>Tauri</strong></span> <span class='ocrx_word' id='word_1_474' title='bbox 1688 2730 1778 2772; x_wconf 68' lang='lat' dir='ltr'><strong>tayo]</strong></span> <span class='ocrx_word' id='word_1_475' title='bbox 1805 2729 1855 2763; x_wconf 94' lang='lat' dir='ltr'><strong>Cf.</strong></span> <span class='ocrx_word' id='word_1_476' title='bbox 1881 2730 1945 2763; x_wconf 91' lang='lat' dir='ltr'><strong>Dio</strong></span> <span class='ocrx_word' id='word_1_477' title='bbox 1962 2730 2016 2770; x_wconf 85' lang='lat'><strong>62,</strong></span> 
     </span>
     <span class='ocr_line' id='line_1_55' title="bbox 1148 2771 2019 2824; baseline 0.008 -18"><span class='ocrx_word' id='word_1_478' title='bbox 1148 2775 1185 2807; x_wconf 74' lang='lat'><strong>2⁴</strong></span> <span class='ocrx_word' id='word_1_479' title='bbox 1202 2784 1209 2806; x_wconf 90' lang='lat'>:</span> <span class='ocrx_word' id='word_1_480' title='bbox 1234 2771 1257 2807; x_wconf 85' lang='grc' dir='ltr'><em>ὁ</em></span> <span class='ocrx_word' id='word_1_481' title='bbox 1281 2771 1545 2820; x_wconf 79' lang='grc' dir='ltr'><em>Οὗολόγαισος</em></span> <span class='ocrx_word' id='word_1_482' title='bbox 1566 2776 1635 2811; x_wconf 83' lang='grc' dir='ltr'><strong>τὸν</strong></span> <span class='ocrx_word' id='word_1_483' title='bbox 1653 2779 1801 2812; x_wconf 79' lang='grc' dir='ltr'><em>Παῖτον</em></span> <span class='ocrx_word' id='word_1_484' title='bbox 1823 2775 2019 2824; x_wconf 79' lang='grc' dir='ltr'><em>φεύγοντα</em></span> 
     </span>
     <span class='ocr_line' id='line_1_56' title="bbox 1148 2822 2019 2876; baseline 0.008 -20"><span class='ocrx_word' id='word_1_485' title='bbox 1148 2822 1349 2866; x_wconf 81' lang='grc' dir='ltr'><strong><em>ἐπιδιώξας</em></strong></span> <span class='ocrx_word' id='word_1_486' title='bbox 1377 2824 1449 2870; x_wconf 82' lang='grc' dir='ltr'><strong>τήν</strong></span> <span class='ocrx_word' id='word_1_487' title='bbox 1476 2837 1517 2860; x_wconf 79' lang='grc' dir='ltr'><strong>τε</strong></span> <span class='ocrx_word' id='word_1_488' title='bbox 1547 2827 1610 2862; x_wconf 79' lang='grc' dir='ltr'><strong>ἐπὶ</strong></span> <span class='ocrx_word' id='word_1_489' title='bbox 1631 2827 1700 2863; x_wconf 84' lang='grc' dir='ltr'><strong>τοῦ</strong></span> <span class='ocrx_word' id='word_1_490' title='bbox 1725 2827 1875 2876; x_wconf 82' lang='grc' dir='ltr'><strong><em>Ταύρου</em></strong></span> <span class='ocrx_word' id='word_1_491' title='bbox 1899 2840 2019 2863; x_wconf 86' lang='grc' dir='ltr'><em>κατα-</em></span> 
     </span>
     <span class='ocr_line' id='line_1_57' title="bbox 1149 2872 2019 2927; baseline 0.008 -22"><span class='ocrx_word' id='word_1_492' title='bbox 1149 2872 1376 2915; x_wconf 81' lang='grc' dir='ltr'><em>λειφθεῖσαν</em></span> <span class='ocrx_word' id='word_1_493' title='bbox 1406 2873 1468 2909; x_wconf 80' lang='grc' dir='ltr'><strong>ὑπ’</strong></span> <span class='ocrx_word' id='word_1_494' title='bbox 1496 2874 1617 2912; x_wconf 80' lang='grc' dir='ltr'><em>αὐτοῦ</em></span> <span class='ocrx_word' id='word_1_495' title='bbox 1647 2876 1823 2927; x_wconf 74' lang='grc' dir='ltr'><em>φρουρὰν</em></span> <span class='ocrx_word' id='word_1_496' title='bbox 1854 2877 2019 2922; x_wconf 78' lang='grc' dir='ltr'><em>ἐξέκοψε</em></span> 
     </span>
     <span class='ocr_line' id='line_1_58' title="bbox 1149 2923 2019 2977; baseline 0.007 -20"><span class='ocrx_word' id='word_1_497' title='bbox 1149 2925 1214 2958; x_wconf 80' lang='grc' dir='ltr'><strong>καὶ</strong></span> <span class='ocrx_word' id='word_1_498' title='bbox 1237 2924 1385 2958; x_wconf 80' lang='grc' dir='ltr'><em>ἐκεῖνον</em></span> <span class='ocrx_word' id='word_1_499' title='bbox 1407 2925 1447 2968; x_wconf 86' lang='grc' dir='ltr'><strong>ἐς</strong></span> <span class='ocrx_word' id='word_1_500' title='bbox 1464 2923 1676 2971; x_wconf 81' lang='grc' dir='ltr'><em>Ῥάνδειαν,</em></span> <span class='ocrx_word' id='word_1_501' title='bbox 1701 2927 1797 2977; x_wconf 76' lang='grc' dir='ltr'><strong><em>πρὸς</em></strong></span> <span class='ocrx_word' id='word_1_502' title='bbox 1819 2928 1871 2974; x_wconf 78' lang='grc' dir='ltr'><strong>τῷ</strong></span> <span class='ocrx_word' id='word_1_503' title='bbox 1891 2925 2019 2975; x_wconf 80' lang='grc' dir='ltr'><em>Ἄρσα-</em></span> 
     </span>
     <span class='ocr_line' id='line_1_59' title="bbox 1149 2971 2017 3021; baseline 0.009 -16"><span class='ocrx_word' id='word_1_504' title='bbox 1149 2975 1213 3019; x_wconf 75' lang='grc' dir='ltr'><strong>νίᾳ</strong></span> <span class='ocrx_word' id='word_1_505' title='bbox 1235 2974 1396 3020; x_wconf 75' lang='grc' dir='ltr'><em>ποταμῷ</em></span> <span class='ocrx_word' id='word_1_506' title='bbox 1421 2971 1544 3011; x_wconf 76' lang='grc' dir='ltr'><em>οὖσαν</em></span> <span class='ocrx_word' id='word_1_507' title='bbox 1567 2979 1621 3020; x_wconf 87' lang='lat' dir='ltr'><strong>(cf.</strong></span> <span class='ocrx_word' id='word_1_508' title='bbox 1640 2989 1672 3013; x_wconf 86' lang='lat' dir='ltr'><strong>c.</strong></span> <span class='ocrx_word' id='word_1_509' title='bbox 1693 2981 1762 3021; x_wconf 77' lang='grc'><strong>45),</strong></span> <span class='ocrx_word' id='word_1_510' title='bbox 1787 2978 2017 3013; x_wconf 78' lang='grc' dir='ltr'><strong><em>κατέκλεισε.</em></strong></span> 
     </span>
     <span class='ocr_line' id='line_1_60' title="bbox 1154 3024 2019 3072; baseline 0.009 -17"><span class='ocrx_word' id='word_1_511' title='bbox 1154 3041 1190 3047; x_wconf 91' lang='grc'>-</span> <span class='ocrx_word' id='word_1_512' title='bbox 1216 3024 1338 3067; x_wconf 87' lang='lat' dir='ltr'><strong>alares]</strong></span> <span class='ocrx_word' id='word_1_513' title='bbox 1362 3025 1413 3059; x_wconf 87' lang='lat' dir='ltr'><strong>Cf.</strong></span> <span class='ocrx_word' id='word_1_514' title='bbox 1438 3026 1471 3067; x_wconf 75' lang='lat'><strong>4,</strong></span> <span class='ocrx_word' id='word_1_515' title='bbox 1495 3028 1549 3060; x_wconf 84' lang='lat'><strong>73.</strong></span> <span class='ocrx_word' id='word_1_516' title='bbox 1579 3047 1615 3053; x_wconf 97' lang='lat'>—</span> <span class='ocrx_word' id='word_1_517' title='bbox 1638 3029 1867 3072; x_wconf 75' lang='lat' dir='ltr'><strong>Arsamosata]</strong></span> <span class='ocrx_word' id='word_1_518' title='bbox 1891 3028 2019 3064; x_wconf 85' lang='lat' dir='ltr'><strong>Plinius</strong></span> 
     </span>
     <span class='ocr_line' id='line_1_61' title="bbox 1151 3074 2021 3119; baseline 0.009 -14"><span class='ocrx_word' id='word_1_519' title='bbox 1151 3075 1190 3106; x_wconf 88' lang='lat' dir='ltr'><strong>N.</strong></span> <span class='ocrx_word' id='word_1_520' title='bbox 1217 3074 1259 3106; x_wconf 90' lang='lat' dir='ltr'><strong>H.</strong></span> <span class='ocrx_word' id='word_1_521' title='bbox 1281 3075 1302 3107; x_wconf 84' lang='lat'>6</span> <span class='ocrx_word' id='word_1_522' title='bbox 1325 3075 1344 3117; x_wconf 71' lang='lat' dir='ltr'>S</span> <span class='ocrx_word' id='word_1_523' title='bbox 1367 3076 1429 3109; x_wconf 86' lang='lat'><strong>26:</strong></span> <span class='ocrx_word' id='word_1_524' title='bbox 1456 3078 1585 3119; x_wconf 80' lang='lat' dir='ltr'><strong>Oppida</strong></span> <span class='ocrx_word' id='word_1_525' title='bbox 1607 3079 1815 3112; x_wconf 81' lang='lat' dir='ltr'><strong>celebrantur</strong></span> <span class='ocrx_word' id='word_1_526' title='bbox 1835 3080 1871 3112; x_wconf 85' lang='lat' dir='ltr'><strong>in</strong></span> <span class='ocrx_word' id='word_1_527' title='bbox 1891 3080 2021 3114; x_wconf 82' lang='lat' dir='ltr'><strong>minore</strong></span> 
     </span>
     <span class='ocr_line' id='line_1_62' title="bbox 1153 3124 2021 3170; baseline 0.009 -15"><span class='ocrx_word' id='word_1_528' title='bbox 1153 3124 1340 3166; x_wconf 80' lang='lat' dir='ltr'><strong>(Armenia)</strong></span> <span class='ocrx_word' id='word_1_529' title='bbox 1357 3125 1539 3169; x_wconf 86' lang='lat' dir='ltr'><strong>Caesarea,</strong></span> <span class='ocrx_word' id='word_1_530' title='bbox 1564 3129 1652 3169; x_wconf 81' lang='lat' dir='ltr'><strong>Aza,</strong></span> <span class='ocrx_word' id='word_1_531' title='bbox 1677 3129 1861 3170; x_wconf 82' lang='lat' dir='ltr'><strong>Nicopolis,</strong></span> <span class='ocrx_word' id='word_1_532' title='bbox 1875 3130 1922 3166; x_wconf 64' lang='lat' dir='ltr'><strong>,in</strong></span> <span class='ocrx_word' id='word_1_533' title='bbox 1942 3139 2021 3163; x_wconf 85' lang='lat' dir='ltr'><strong>ma-</strong></span> 
     </span>
     <span class='ocr_line' id='line_1_63' title="bbox 1150 3173 2017 3221; baseline 0.01 -17"><span class='ocrx_word' id='word_1_534' title='bbox 1150 3173 1221 3205; x_wconf 81' lang='lat' dir='ltr'><strong>iore</strong></span> <span class='ocrx_word' id='word_1_535' title='bbox 1242 3175 1457 3210; x_wconf 72' lang='lat' dir='ltr'><strong>Arsamosata</strong></span> <span class='ocrx_word' id='word_1_536' title='bbox 1476 3178 1643 3219; x_wconf 82' lang='lat' dir='ltr'><strong>Euphrati</strong></span> <span class='ocrx_word' id='word_1_537' title='bbox 1661 3179 1867 3219; x_wconf 71' lang='lat' dir='ltr'><strong>proximum.</strong></span> <span class='ocrx_word' id='word_1_538' title='bbox 1894 3178 2017 3221; x_wconf 79' lang='lat' dir='ltr'><strong>Polyb.</strong></span> 
     </span>
     <span class='ocr_line' id='line_1_64' title="bbox 1152 3220 2018 3274; baseline 0.009 -20"><span class='ocrx_word' id='word_1_539' title='bbox 1152 3222 1185 3262; x_wconf 91' lang='lat'><strong>8,</strong></span> <span class='ocrx_word' id='word_1_540' title='bbox 1203 3223 1265 3255; x_wconf 82' lang='lat'><strong>25:</strong></span> <span class='ocrx_word' id='word_1_541' title='bbox 1287 3220 1502 3271; x_wconf 77' lang='grc' dir='ltr'><em>Ἄρμόσατα</em></span> <span class='ocrx_word' id='word_1_542' title='bbox 1525 3227 1598 3269; x_wconf 87' lang='lat' dir='ltr'><strong>(sic)</strong></span> <span class='ocrx_word' id='word_1_543' title='bbox 1623 3230 1746 3260; x_wconf 77' lang='grc' dir='ltr'><strong><em>κεῖται</em></strong></span> <span class='ocrx_word' id='word_1_544' title='bbox 1768 3227 1810 3261; x_wconf 82' lang='grc' dir='ltr'><strong>ἐν</strong></span> <span class='ocrx_word' id='word_1_545' title='bbox 1831 3226 1884 3272; x_wconf 78' lang='grc' dir='ltr'><strong>τῷ</strong></span> <span class='ocrx_word' id='word_1_546' title='bbox 1907 3227 2018 3274; x_wconf 82' lang='grc' dir='ltr'><strong>Καλῷ</strong></span> 
     </span>
     <span class='ocr_line' id='line_1_65' title="bbox 1153 3270 2020 3324; baseline 0.012 -21"><span class='ocrx_word' id='word_1_547' title='bbox 1153 3270 1266 3316; x_wconf 79' lang='grc' dir='ltr'><em>πεδίῳ</em></span> <span class='ocrx_word' id='word_1_548' title='bbox 1294 3273 1536 3320; x_wconf 76' lang='grc' dir='ltr'><strong>καλουμένῳ,</strong></span> <span class='ocrx_word' id='word_1_549' title='bbox 1564 3277 1688 3319; x_wconf 81' lang='grc' dir='ltr'><em>μέσον</em></span> <span class='ocrx_word' id='word_1_550' title='bbox 1717 3272 1926 3324; x_wconf 79' lang='grc' dir='ltr'><em>Εὐφράτου</em></span> <span class='ocrx_word' id='word_1_551' title='bbox 1953 3280 2020 3313; x_wconf 78' lang='grc' dir='ltr'><strong>καὶ</strong></span> 
     </span>
     <span class='ocr_line' id='line_1_66' title="bbox 1154 3321 2017 3369; baseline 0.009 -15"><span class='ocrx_word' id='word_1_552' title='bbox 1154 3321 1337 3369; x_wconf 77' lang='grc' dir='ltr'><em>Τίγριδος.</em></span> <span class='ocrx_word' id='word_1_553' title='bbox 1373 3325 1567 3358; x_wconf 87' lang='lat' dir='ltr'><strong>Abulfedae</strong></span> <span class='ocrx_word' id='word_1_554' title='bbox 1601 3329 1656 3359; x_wconf 87' lang='lat' dir='ltr'><strong>est</strong></span> <span class='ocrx_word' id='word_1_555' title='bbox 1688 3326 1928 3362; x_wconf 74' lang='lat' dir='ltr'><strong>Schemschath.</strong></span> <span class='ocrx_word' id='word_1_556' title='bbox 1965 3329 2017 3362; x_wconf 91' lang='lat' dir='ltr'><strong>Cf.</strong></span> 
     </span>
     <span class='ocr_line' id='line_1_67' title="bbox 1155 3372 2021 3420; baseline 0.009 -16"><span class='ocrx_word' id='word_1_557' title='bbox 1155 3372 1322 3414; x_wconf 82' lang='lat' dir='ltr'><strong>Forbiger</strong></span> <span class='ocrx_word' id='word_1_558' title='bbox 1345 3374 1551 3416; x_wconf 74' lang='lat' dir='ltr'><strong>Geoyraphie</strong></span> <span class='ocrx_word' id='word_1_559' title='bbox 1572 3376 1620 3415; x_wconf 89' lang='lat'><strong>11,</strong></span> <span class='ocrx_word' id='word_1_560' title='bbox 1644 3384 1680 3418; x_wconf 90' lang='lat' dir='ltr'><strong>p.</strong></span> <span class='ocrx_word' id='word_1_561' title='bbox 1698 3376 1774 3410; x_wconf 73' lang='grc'><strong>604.</strong></span> <span class='ocrx_word' id='word_1_562' title='bbox 1799 3378 1937 3411; x_wconf 87' lang='lat' dir='ltr'><strong>Nomen</strong></span> <span class='ocrx_word' id='word_1_563' title='bbox 1960 3387 2021 3420; x_wconf 87' lang='lat' dir='ltr'><strong>op-</strong></span> 
     </span>
     <span class='ocr_line' id='line_1_68' title="bbox 1154 3421 2019 3470; baseline 0.009 -16"><span class='ocrx_word' id='word_1_564' title='bbox 1154 3421 1227 3463; x_wconf 88' lang='lat' dir='ltr'><strong>pidi</strong></span> <span class='ocrx_word' id='word_1_565' title='bbox 1236 3422 1455 3457; x_wconf 77' lang='lat' dir='ltr'><strong>Arsamosata</strong></span> <span class='ocrx_word' id='word_1_566' title='bbox 1467 3423 1652 3458; x_wconf 80' lang='lat' dir='ltr'><strong>confirmat</strong></span> <span class='ocrx_word' id='word_1_567' title='bbox 1662 3424 1884 3462; x_wconf 79' lang='lat' dir='ltr'><strong>Ptolemaeus</strong></span> <span class='ocrx_word' id='word_1_568' title='bbox 1893 3429 2019 3470; x_wconf 79' lang='lat' dir='ltr'><strong>Geogr.</strong></span> 
     </span>
    </p>
   </div>
  </div>
 </body>
</html>
