2254 3770
305 279 388 324 532

786 282 829 325 Ρ.
863 281 1112 326 CORNELII
1142 281 1313 326 TACITI
1342 281 1611 326 ANNALIUM

307 385 426 429 Statii
463 386 619 430 tribuni
659 387 912 438 trucidatur,
953 387 1106 446 plenus
1146 388 1378 433 constantis
1408 387 1561 432 silentii
1592 401 1673 432 nec
1702 387 1872 431 tribuno
1903 387 2095 432 obiciens

307 461 488 505 eandem
519 462 837 507 conscientiam.

419 537 620 595 Sequitur
646 538 802 582 caedes
822 539 983 582 Annaei
1011 539 1215 591 Senecae,
1247 538 1478 582 laetissima
1498 539 1691 596 principi,
1722 540 1806 582 non
1828 539 1930 597 quia
1948 539 2097 584 coniu—

307 612 480 657 rationis
510 614 780 658 manifestum
809 621 1096 672 compererat,
1129 614 1206 658 sed
1238 622 1283 657 ut
1313 614 1424 658 ferro
1455 622 1731 672 grassaretur,
1763 615 1936 674 quando
1965 616 2097 660 vene-

274 703 407 732 5num
437 704 521 733 non
553 698 835 747 processerat.
868 689 985 734 solus
1014 691 1173 748 quippe
1194 689 1352 734 Natalis
1374 697 1416 734 et
1436 690 1642 734 hactenus
1663 693 1885 749 prompsit,
1917 691 2096 735 missum

305 778 353 808 se
374 765 427 808 ad
452 772 673 822 aegrotum
696 767 916 817 Senecam,
943 766 1002 809 uti
1022 766 1182 810 viseret
1204 774 1640 824 conquerereturque,
1663 780 1740 810 cur
1760 767 1960 810 Pisonem
1979 767 2096 811 aditu

304 849 492 884 arceret:
532 841 685 885 melius
724 841 833 892 sore,
876 842 912 885 si
954 841 1181 886 amicitiam
1220 841 1411 885 familiari
1443 856 1681 899 congressu>
1709 843 2014 887 exercuissent.
2053 849 2097 888 et

303 916 581 973 respondisse
622 917 832 961 Senecam
870 931 1092 961 sermones
1127 924 1297 961 mutuos
1328 924 1370 961 et
1401 917 1552 961 crebra
1582 917 1796 976 colloquia
1825 919 1963 963 neutri
1993 932 2096 963 con-

302 991 487 1045 ducere;
531 999 722 1036 ceterum
762 992 944 1037 salutem
982 1007 1103 1037 suam
1143 992 1430 1037 incolumitate
1468 993 1635 1037 Pisonis
1672 994 1802 1038 inniti.

1847 993 1956 1038 haec
1984 994 2095 1038 ferre

251 1082 288 1112 io
303 1067 459 1111 Gavius
490 1068 701 1120 Silvanus,
735 1068 929 1112 tribunus
960 1069 1203 1127 praetoriae
1234 1067 1440 1121 cohortis,
1474 1075 1516 1112 et
1542 1083 1596 1113 an
1617 1069 1729 1113 dicta
1750 1069 1909 1113 Natalis
1929 1083 2096 1129 suaque

299 1157 509 1202 responsa
548 1152 748 1189 nosceret
790 1145 1061 1202 percunctari
1104 1145 1313 1189 Senecam
1344 1144 1525 1188 iubetur.
1578 1145 1634 1196 is,
1670 1145 1777 1189 forte
1807 1159 1861 1189 an
1889 1145 2093 1204 prudens,

300 1219 353 1263 ad
385 1234 485 1263 eum
514 1220 629 1264 diem
659 1234 713 1264 ex
743 1220 975 1278 Campania
1016 1227 1284 1264 remeaverat
1314 1227 1600 1279 quartumque
1631 1221 1744 1278 apud
1776 1220 1964 1279 lapidem
1992 1222 2095 1266 sub-

299 1295 463 1340 urbano
495 1311 595 1340 rure
625 1296 885 1340 substiterat.
917 1296 988 1339 illo
1026 1297 1268 1354 propinqua
1299 1310 1483 1354 vespera
1512 1296 1706 1341 tribunus
1736 1298 1851 1341 venit
1880 1304 1924 1342 et
1952 1297 2095 1342 villam

298 1370 435 1429 globis
465 1372 645 1416 militum
674 1373 856 1430 saepsit;
895 1379 985 1415 tum
1024 1373 1102 1430 ipsi
1145 1387 1242 1417 cum
1272 1373 1476 1431 Pompeia
1505 1372 1680 1416 Paulina
1710 1387 1844 1417 uxore
1875 1379 1917 1417 et
1946 1373 2094 1418 amicis
2129 1396 2133 1399 κ

247 1462 285 1493 ⁴5
298 1447 469 1491 duobus
500 1448 689 1506 epulanti
720 1447 919 1491 mandata
948 1448 1219 1505 imperatoris
1250 1448 1395 1492 edidit.

1447 1448 1527 1505 (64)
1560 1449 1727 1493 Seneca
1758 1449 1933 1492 missum
1964 1449 2019 1494 ad
2045 1462 2094 1494 se

297 1523 487 1568 Natalem
519 1531 891 1582 conquestumque
915 1524 1086 1568 nomine
1107 1524 1287 1575 Pisonis,
1317 1524 1433 1582 quod
1456 1539 1480 1567 a
1500 1525 1681 1568 visendo
1704 1538 1756 1568 eo
1777 1524 2091 1583 prohiberetur,

297 1613 433 1658 seque
463 1600 672 1644 rationem
701 1599 957 1644 valetudinis
988 1606 1031 1643 et
1060 1613 1250 1643 amorem
1281 1599 1437 1658 quietis
1459 1601 1734 1647 excusavisse
1753 1600 1986 1658 respondit.
2017 1614 2096 1645 cur

298 1675 478 1719 salutem
499 1676 651 1734 privati
674 1676 857 1719 hominis
879 1675 1157 1719 incolumitati
1178 1689 1282 1719 suae
1303 1675 1543 1728 anteferret,
1570 1689 1744 1720 causam
1765 1690 1849 1720 non
1870 1675 2091 1729 habuisse;

296 1766 378 1796 nec
416 1751 497 1795 sibi
538 1758 783 1810 promptum
813 1751 855 1794 in
885 1750 1152 1795 adulationes
1183 1751 1412 1809 ingenium.
1457 1751 1588 1810 idque
1618 1751 1721 1795 nulli
1751 1752 1886 1810 magis
1915 1765 2095 1810 gnarum

247 1842 283 1873 20
297 1842 428 1886 quam
457 1828 630 1880 Neroni,
673 1827 747 1886 qui
778 1830 953 1885 saepius
987 1826 1226 1871 libertatem
1258 1828 1450 1871 Senecae
1480 1841 1610 1885 quam
1639 1828 1859 1872 servitium
1890 1833 2092 1886 expertus

297 1911 423 1948 esset.
465 1903 538 1947 ubi
570 1903 677 1947 haec
707 1917 733 1947 a
763 1903 932 1947 tribuno
963 1903 1096 1947 relata
1126 1910 1223 1947 sunt
1252 1905 1455 1961 Poppaea
1484 1910 1527 1947 et
1554 1903 1744 1962 Tigillino
1776 1918 1939 1956 coram,
1972 1901 2090 1962 quod

296 1987 388 2023 erat
418 1979 622 2023 saevienti
653 1979 835 2037 principi
865 1980 1060 2023 intimum
1090 1979 1387 2030 consiliorum,
1420 1967 1651 2037 interrogat
1681 1994 1733 2023 an
1755 1980 1920 2024 Seneca
1939 1978 2092 2023 volun--

360 2107 392 2140 3.
418 2108 509 2140 cedes
531 2107 630 2140 annei
652 2107 687 2140 M
712 2123 747 2130 —-
783 2107 814 2140 6.
840 2110 997 2158 egrotum}
1016 2109 1047 2141 M
1081 2125 1117 2130 —
1155 2107 1250 2140 adita
1273 2108 1308 2141 M
1334 2124 1370 2132 —
1405 2108 1437 2140 7.
1464 2108 1616 2140 amicitia
1638 2108 1671 2141 M
1703 2124 1738 2131 —
1771 2107 1802 2140 9.
1827 2111 1972 2154 ceterum
1993 2107 2029 2140 M
2053 2123 2091 2131 -

287 2165 424 2206 posonis
445 2164 478 2197 M
502 2181 538 2186 —
565 2164 619 2196 40.
646 2163 774 2196 Gavius
796 2164 996 2197 Bekkerus:
1021 2165 1162 2205 grauius
1184 2165 1236 2199 M:
1263 2165 1412 2197 Granius
1433 2162 1500 2196 alii.
1527 2164 1578 2197 Cf.
1602 2172 1676 2197 var.
1702 2163 1782 2196 lect.
1810 2163 1855 2196 ad
1877 2172 1913 2206 p.
1938 2162 2092 2203 219.46.

296 2238 332 2245 -
360 2220 413 2253 ⁴4.
438 2221 536 2261 sepsit
564 2221 597 2254 M
627 2237 663 2243 —
695 2221 748 2254 2⁴.
772 2228 903 2261 poppea
931 2221 964 2254 M
1001 2238 1036 2244 —
1069 2221 1212 2263 tigillino
1235 2221 1288 2253 M:
1317 2221 1472 2263 Tigellino
1494 2219 1611 2262 vulgo.

294 2278 349 2311 22.
374 2278 511 2310 seuienti
534 2277 580 2310 M.

292 2374 348 2411 ἑτι
379 2378 563 2434 πρότερον
601 2374 854 2425 προσελθόντι
881 2373 1167 2434 Ἐπαφροδίτῳ,

293 2427 345 2473 τῷ
369 2423 608 2486 ἀπελευθέρῳ
625 2426 692 2461 τοῦ
716 2428 905 2475 Νέρωνος,
930 2429 994 2461 καὶ
1012 2423 1170 2473 ἀνακρί-

293 2489 399 2513 νοντι
421 2475 541 2512 αὐτὸν
565 2475 659 2526 ὑπὲο
675 2477 744 2511 τοῦ
737 2477 1090 2540 Ησυγκρουσθῆναι,
1105 2478 1169 2512 ⁰'Av

293 2540 330 2563 τι
363 2529 480 2570 θέλω,
514 2531 649 2573 φησίν,
681 2527 754 2576 ἐρῶ
786 2540 859 2563 σου
889 2528 941 2574 τῷ
974 2531 1102 2577 κυρίῳ.
1130 2547 1165 2553 —-

292 2581 446 2623 Senecae]
471 2581 535 2613 Dio
559 2581 613 2620 62,
639 2580 699 2613 ⁰24:
721 2577 760 2612 Ὁ
784 2579 824 2613 δὲ
846 2577 894 2624 δὴ
918 2581 1081 2622 Σενέκας
1104 2581 1170 2613 καὶ

295 2628 318 2664 ὁ
337 2627 502 2672 Ῥοῦφος
533 2627 556 2663 ὅ
585 2627 756 2676 ἔπαρχος
779 2628 890 2664 ἄλλοι
912 2632 953 2664 τέ
975 2641 1072 2672 τινες
1094 2630 1170 2663 τῶν

293 2680 491 2722 ἐπιφανῶν
515 2679 801 2721 ἐπεβούλευσαν
824 2680 876 2725 τῷ
898 2681 1055 2728 Νέρωνι.
1082 2681 1165 2715 Plin.

293 2734 334 2765 N.
354 2733 393 2765 H.
415 2731 456 2765 ili
480 2731 498 2773 ἓ
520 2733 555 2764 54
573 2741 579 2763 :
605 2732 740 2764 Annaeo
765 2732 909 2773 Seneca,
930 2733 1084 2774 principe
1099 2735 1169 2764 tum

293 2782 488 2814 eruditionis
509 2791 550 2814 ac
568 2783 751 2822 potentiae,
778 2791 865 2822 quae
881 2786 1049 2824 postremo
1063 2782 1170 2814 nimia

291 2831 356 2873 fuit
385 2840 484 2872 super
510 2833 631 2872 ipsum.
667 2850 700 2854 —
739 2833 874 2872 quando
907 2841 1069 2865 venenum
1101 2840 1168 2863 non

288 2881 506 2924 processerat]
525 2882 575 2915 Cf.
595 2891 625 2914 c.
644 2881 697 2915 45.
717 2900 753 2906 -
771 2883 941 2925 hactenus]
966 2892 1036 2915 non
1052 2881 1164 2924 plura.

293 2932 344 2964 Cf.
372 2931 426 2970 ⁴4,
451 2932 505 2964 54.
527 2950 563 2955 —
589 2932 729 2964 salutem
752 2942 848 2965 suam
871 2933 1097 2965 incolumitate
1111 2932 1167 2964 Pi-

291 2982 378 3014 sonis
399 2981 511 3023 inniti]
537 2983 560 3015 i.
584 2991 617 3015 e.
643 2991 681 3015 se
707 2981 807 3015 aliter
831 2982 966 3016 salvum
993 2991 1072 3015 esse
1096 2991 1165 3015 non

291 3041 417 3075 posse,
444 3032 510 3065 nisi
534 3041 617 3065 cum
638 3033 717 3065 Piso
741 3032 927 3066 incolumis
952 3035 1078 3075 coepta
1103 3041 1167 3065 sua

290 3083 494 3125 perficeret.
513 3101 548 3107 —
565 3083 693 3116 Gavius
707 3083 874 3125 Silvanus]
893 3083 943 3116 Cf.
960 3092 990 3116 c.
1006 3083 1048 3116 50
1063 3085 1098 3116 et
1110 3084 1163 3116 74.

294 3152 329 3157 —-
351 3132 505 3175 nosceret]
530 3134 551 3166 i.
571 3142 606 3175 q.
633 3133 880 3174 adgnosceret.
908 3133 959 3166 Cf.
985 3134 1016 3173 2,
1043 3134 1096 3166 28.
1127 3152 1160 3158 ——

290 3193 334 3217 ex
350 3182 546 3224 Campania]
563 3182 624 3215 ubi
638 3184 806 3216 extremis
822 3183 923 3216 annis
940 3182 1071 3216 multus
1089 3183 1162 3223 fuit,

289 3234 402 3266 rarior
423 3233 458 3265 in
482 3232 578 3274 aula,
605 3234 641 3265 et
656 3233 849 3275 sapientiae
868 3232 991 3265 studiis
1009 3241 1163 3274 occupa-

290 3286 358 3316 tus.
394 3283 569 3326 Epistolae
597 3283 645 3316 ibi
669 3285 705 3316 et
729 3283 960 3322 Quaestiones
985 3282 1163 3315 naturales

290 3333 357 3367 sub
381 3335 450 3366 hoc
465 3336 607 3376 tempus
623 3334 793 3366 structae.
811 3333 898 3365 Lirs.
917 3349 953 3355 -
973 3332 1163 3365 suburbano

289 3383 385 3426 rure]
420 3385 507 3416 Sunt
536 3383 596 3424 qui
620 3391 663 3415 ex
694 3382 804 3424 ipsius
829 3383 985 3415 Senecae
1010 3382 1072 3423 Ep.
1100 3382 1162 3415 404

289 3433 535 3467 Nomentanum
568 3431 831 3474 intelligendum
871 3439 951 3464 esse
986 3430 1158 3473 colligant.

1646 2219 1735 2253 Vide
1759 2219 1805 2253 ad
1826 2228 1863 2263 p.
1887 2219 1970 2261 475,
1995 2219 2026 2252 7.
2054 2236 2091 2243 —

1222 2377 1291 2410 Sed
1307 2377 1436 2411 Plinius
1452 2379 1493 2410 N.
1511 2378 1550 2410 H.
1571 2376 1611 2410 44
1629 2377 1648 2419 g
1665 2377 1701 2410 5⁴
1723 2377 1983 2410 Nomentanum
1999 2374 2094 2419 apud

1221 2428 1401 2461 decimum
1435 2427 1590 2469 lapidem
1625 2427 1732 2460 fuisse
1767 2427 1884 2460 tradit.
1921 2427 2026 2460 Bscn.
2054 2443 2091 2451 -—

1219 2480 1374 2519 Pompeia
1396 2477 1548 2520 Paulina]
1579 2486 1688 2519 quam
1711 2476 1966 2511 nobilissimam
1989 2477 2094 2510 femi·

1221 2538 1303 2562 nam
1334 2529 1398 2562 Dio
1424 2529 1488 2571 (61,
1516 2527 1567 2569 40)
1600 2526 1770 2570 appellat3
1806 2527 1913 2560 filiam
1944 2527 2092 2560 fortasse

1219 2579 1377 2621 Pompeii
1394 2577 1542 2618 Paulini,
1566 2579 1625 2620 qui
1642 2587 1747 2620 supra
1764 2576 1808 2620 (c.
1828 2577 1881 2620 ⁴8)
1898 2575 2093 2611 consularis

1221 2629 1347 2662 dicitur
1371 2630 1406 2661 et
1427 2627 1657 2670 vectigalibus
1682 2627 1833 2671 publicis
1855 2626 2090 2671 praepositus.

1221 2681 1306 2712 Lirs.
1335 2679 1423 2712 Vide
1447 2679 1491 2711 ad
1516 2679 1569 2717 43,
1595 2679 1649 2712 53.

1264 2730 1316 2763 64.
1350 2729 1568 2771 excusavisse]
1606 2729 1797 2762 excusandi
1831 2737 1939 2762 causa
1968 2729 2093 2771 protu—

1219 2778 1312 2812 lisse.
1340 2780 1389 2812 Cf.
1417 2780 1449 2820 3,
1476 2780 1527 2812 Η.
1553 2780 1586 2819 5,
1605 2780 1637 2812 2.
1664 2797 1698 2801 —
1724 2779 1865 2811 salutem
1882 2778 2011 2820 privati
2031 2777 2093 2810 ho-

1218 2830 1317 2862 minis
1339 2829 1422 2871 cet]
1453 2830 1570 2862 Innuit
1599 2829 1734 2862 Pisonis
1758 2828 1904 2870 quidem
1927 2827 2090 2869 salutem,

1219 2881 1340 2922 utpote
1365 2880 1490 2921 privati
1513 2879 1678 2919 hominis,
1704 2887 1789 2911 suae
1809 2887 1878 2911 non
1895 2877 2092 2911 anteferen—

1219 2930 1304 2962 dam
1338 2929 1464 2970 fuisse,
1499 2930 1669 2972 principis
1701 2930 1822 2962 contra
1853 2927 2004 2962 salutem
2026 2935 2091 2961 sua

1218 2979 1286 3012 sibi
1310 2981 1484 3012 cariorem
1501 2988 1582 3012 esse
1599 2978 1744 3012 debere.
1768 2997 1802 3002 —
1820 2987 1880 3011 nec
1894 2978 1955 3011 sibi
1974 2985 2091 3019 prom-

1215 3036 1310 3073 ptum
1323 3030 1404 3072 cet.]
1429 3031 1509 3072 lpse
1525 3030 1570 3062 ad
1587 3031 1765 3065 Neronem
1782 3029 1827 3062 de
1845 3028 2038 3062 Clementia
2053 3027 2086 3068 2,

1217 3081 1249 3121 2,
1274 3082 1312 3113 2:
1344 3081 1482 3113 Diutius
1502 3089 1554 3113 me
1575 3081 1706 3113 morari
1726 3080 1780 3113 hic
1798 3074 1947 3120 pateres
1964 3079 2089 3112 nonant

1217 3131 1375 3163 blandum
1397 3130 1537 3163 auribus
1558 3132 1643 3170 tuis,·
1666 3140 1725 3163 nec
1748 3131 1835 3163 enim
1856 3129 1936 3162 mim·
1953 3129 2005 3161 hic
2018 3135 2089 3161 mos

1216 3184 1274 3214 est.
1310 3181 1488 3214 Maluerim
1518 3181 1606 3213 veris
1634 3181 1796 3222 offendere
1824 3187 1925 3221 quam
1953 3178 2088 3220 placore

1216 3231 1395 3264 adulando.
1429 3249 1464 3255 —
1497 3230 1679 3264 libertatem
1709 3229 1866 3272 Senecae]
1901 3227 2086 3262 Efficacius

1215 3281 1283 3314 hoc
1304 3290 1411 3323 quam
1434 3289 1541 3322 suam,
1564 3280 1600 3314 id
1616 3280 1712 3322 quod
1728 3280 1913 3323 praeterea
1929 3277 2085 3319 ambigui

1215 3330 1346 3373 aliquid
1376 3330 1570 3364 habuisset.
1605 3330 1656 3364 Cf.
1680 3330 1713 3371 2,
1738 3330 1798 3363 70:
1829 3337 1897 3362 non
1923 3336 2026 3370 usquo
2046 3336 2084 3361 οο

1214 3381 1373 3423 defectum
1397 3381 1650 3421 Germanicum,
1675 3381 1696 3413 i.
1717 3389 1749 3414 e.
1773 3377 1818 3413 ss.
1847 3379 1934 3412 nist.
1959 3379 1991 3419 2,
2016 3378 2079 3411 77:

1213 3441 1253 3465 ne
1282 3435 1393 3466 tamen
1422 3432 1616 3466 Mucianum
1647 3431 1726 3473 (me)
1756 3429 1882 3462 socium
1905 3428 2079 3470 spreveris.
