2254 3770
332 276 415 321 354

824 279 870 323 P.
901 278 1151 324 CORNELII
1179 280 1350 325 TACITI
1378 281 1647 328 ANNALIUM

335 385 377 428 in
398 399 509 431 novo
530 400 662 444 regno
687 386 825 446 Cotyn
845 387 1014 432 iuventa
1036 387 1189 432 rudem
1209 394 1251 432 et
1271 402 1432 446 paucas
1455 390 1691 434 cohortium
1711 404 1808 436 cum
1829 391 1936 436 Iulio
1956 392 2119 451 Aquila,

335 461 480 519 equite
524 463 736 514 Romano,
783 463 938 520 spretis
982 463 1175 520 utrisque
1221 464 1391 508 concire
1438 465 1650 518 nationes,
1698 465 1858 511 illicere
1900 467 2120 526 perFugas;

333 543 552 594 postremo
583 538 773 582 exercitu
804 544 953 582 coacto
983 553 1130 597 regem
1150 538 1492 583 Dandaridarum
1513 540 1709 586 exturbat
1738 543 2007 601 imperioque
2028 542 2122 587 eius

333 613 503 670 potitur.
535 612 647 671 quae
678 613 751 657 ubi
782 613 949 672 cognita
979 621 1021 657 et
1050 614 1133 658 iam
1158 614 1334 672 iamque
1359 616 1597 673 Bosporum
1626 616 1852 662 invasurus
1872 617 2121 670 habebatur,

300 687 458 732 sdiffisi
495 688 679 746 propriis
717 689 880 733 viribus
909 689 1060 748 Aquila
1099 696 1142 734 et
1178 690 1327 749 Cotys,
1365 691 1467 749 quia
1497 691 1710 745 Zorsines,
1754 694 1999 738 Siracorum
2035 707 2123 746 rex,

332 763 502 807 hostilia
539 771 849 823 resumpserat,
890 771 1087 809 externas
1124 772 1166 809 et
1204 765 1285 824 ipsi
1323 767 1478 824 gratias
1509 767 1765 826 quaesivere
1795 769 1939 813 missis
1977 768 2126 826 legatis

332 838 385 883 ad
417 839 643 892 Eunonen,
676 840 750 898 qui
773 840 1004 884 Aorsorum
1035 841 1148 899 genti
1179 840 1478 898 praecellebat.
1509 856 1591 887 nec
1615 843 1690 887 fuit
1719 843 1762 886 in
1782 843 1918 888 arduo
1939 844 2124 889 societas

330 915 564 971 potentiam
592 917 827 960 Romanam
856 915 1066 960 adversus
1104 915 1310 960 rebellem
1339 917 1606 962 Mithridaten
1636 919 1960 964 ostentantibus.
2000 919 2127 977 igitur

330 990 554 1048 pepigere,
586 991 862 1049 equestribus
891 991 1066 1049 proeliis
1098 992 1297 1036 Eunones
1328 998 1532 1045 certaret,
1565 994 1734 1038 obsidia
1753 994 1926 1039 urbium
1946 993 2123 1039 Romani

278 1081 315 1112 ⁴0
330 1072 619 1124 capesserent.
652 1066 683 1123 (4
695 1067 734 1124 6)
754 1073 855 1111 tunc
886 1066 1123 1124 composito
1154 1068 1323 1125 agmine
1343 1068 1563 1122 incedunt;
1596 1070 1718 1113 cuius
1739 1069 1919 1114 frontem
1941 1076 2124 1128 et·terga

329 1142 469 1194 Aorsi,
501 1142 644 1187 media
674 1141 872 1187 cohortes
903 1148 946 1186 et
973 1143 1209 1200 Bosporani
1240 1142 1485 1187 tutabantur
1515 1144 1670 1188 nostris
1701 1145 1743 1187 in
1773 1146 1915 1190 armis.
1947 1148 2010 1190 sic
2030 1143 2126 1204 pul-

329 1231 403 1262 sus
434 1217 587 1270 hostis,
629 1225 889 1276 ventumque
921 1218 1092 1270 Sozam,
1131 1218 1337 1276 oppidum
1377 1218 1663 1271 Dandaricae,
1704 1220 1822 1278 quod
1851 1220 2070 1265 desertum
2099 1234 2125 1265 a

327 1293 568 1337 Mithridate
598 1293 654 1338 ob
685 1293 909 1352 ambiguos
940 1293 1212 1351 popularium
1242 1294 1407 1338 animos
1437 1295 1620 1353 optineri
1652 1294 1799 1344 relicto
1823 1295 1883 1339 ibi
1903 1295 2123 1354 praesidio

327 1369 480 1412 visum.
513 1369 626 1413 exim
654 1369 697 1412 in
727 1369 900 1413 Siracos
929 1375 1131 1427 pergunt,
1165 1376 1207 1413 et
1236 1370 1491 1428 transgressi
1522 1384 1691 1414 amnem
1721 1370 1911 1415 Pandam
1940 1371 2125 1416 circum-

277 1463 313 1493 ⁴5
327 1445 502 1489 veniunt
530 1444 682 1489 urbem
712 1444 874 1502 Uspen,
907 1444 1066 1489 editam
1097 1445 1191 1489 loco
1223 1451 1265 1489 et
1294 1445 1520 1489 moenibus
1552 1459 1602 1490 ac
1632 1445 1758 1490 fossis
1787 1446 2011 1498 munitam,
2042 1446 2124 1490 nisi

326 1521 445 1579 quod
474 1521 644 1565 moenia
674 1534 758 1564 non
790 1533 894 1563 saxo
931 1520 1007 1564 sed
1041 1520 1229 1564 cratibus
1260 1527 1302 1565 et
1330 1521 1526 1565 vimentis
1558 1535 1609 1565 ac
1639 1522 1781 1566 media
1812 1522 1940 1566 humo
1971 1522 2125 1567 adver-

327 1611 423 1641 sum
453 1596 741 1654 irrumpentes
771 1595 957 1640 invalida
987 1602 1132 1649 erant;
1171 1596 1444 1654 eductaeque
1474 1596 1598 1640 altius
1628 1604 1769 1642 turres
1799 1597 1963 1642 facibus
1993 1603 2123 1656 atque

325 1672 459 1716 hastis
489 1672 719 1716 turbabant
748 1671 966 1716 obsessos.
999 1685 1050 1716 ac
1079 1672 1120 1714 ni
1153 1672 1364 1730 proelium
1396 1686 1480 1716 nox
1500 1672 1764 1725 diremisset,
1798 1679 1953 1731 coepta
1980 1679 2125 1731 patra-

326 1754 457 1806 taque
486 1748 744 1807 expugnatio
776 1747 963 1792 eundem
994 1748 1103 1791 intra
1128 1748 1242 1792 diem
1273 1747 1392 1793 foret.
1437 1747 1469 1804 (4
1481 1747 1519 1804 7)
1551 1754 1726 1805 postero
1757 1748 1915 1793 misere
1944 1747 2120 1807 legatos,

275 1825 497 1873 soveniam
526 1824 674 1868 liberis
705 1823 960 1882 corporibus
991 1830 1184 1868 orantes:
1216 1823 1378 1867 servitii
1409 1822 1560 1867 decem
1590 1823 1705 1868 milia
1725 1823 1974 1868 offerebant.
2005 1823 2123 1882 quod

325 1901 541 1960 aspernati
573 1906 671 1944 sunt
699 1899 900 1951 victores,
934 1899 1037 1957 quia
1067 1899 1283 1943 trucidare
1314 1898 1483 1943 deditos
1514 1912 1711 1952 saevum,
1744 1906 1903 1944 tantam
1932 1899 2123 1944 multitu-

390 2056 422 2088 4.
447 2055 514 2096 cotj
537 2053 788 2097 (superscripta
811 2051 925 2086 littera
942 2052 975 2094 η)
999 2053 1033 2086 Μ
1059 2070 1094 2076 -
1119 2053 1152 2085 ὅ.
1178 2052 1278 2094 diffisi
1302 2051 1472 2085 Pichena:
1500 2051 1616 2094 diffisis
1630 2052 1664 2086 M
1683 2068 1719 2076 —
1744 2052 1943 2086 Siracorum
1961 2052 2120 2095 Lipsius:

323 2120 563 2152 syracusorwm
585 2111 620 2145 M
650 2127 686 2133 —
721 2109 753 2142 6.
779 2109 950 2151 quesiuere
972 2109 1006 2143 M
1041 2126 1077 2131 —
1111 2108 1143 2142 7.
1169 2117 1294 2142 eunome
1317 2109 1350 2142 M
1385 2126 1420 2131 —
1453 2107 1634 2141 Aorsorum
1656 2108 1824 2150 Ryckius:
1854 2109 2054 2142 adorsorum
2074 2110 2122 2143 M.

325 2167 377 2202 Cf.
403 2167 529 2202 Strabo
552 2167 607 2209 44,
631 2167 669 2208 ὅ,
695 2166 727 2199 8.
764 2165 850 2199 Plin.
884 2166 924 2199 N.
950 2166 992 2198 H.
1018 2165 1037 2197 6
1068 2164 1086 2206 5
1111 2164 1164 2198 48.
1206 2163 1354 2198 Ptolem.
1379 2164 1418 2205 3,
1443 2164 1476 2205 5,
1501 2164 1556 2197 22.
1582 2181 1618 2187 -
1650 2164 1740 2206 genti
1765 2165 1978 2206 praesidebat
2007 2165 2123 2199 Haase

320 2224 383 2273 (cf.
402 2225 455 2266 42,
474 2224 547 2266 44);
572 2223 662 2267 acuti
685 2223 760 2264 [rem
781 2223 904 2256 virtute
921 2231 950 2255 s.
964 2221 1127 2264 potentia]
1146 2220 1368 2262 praecellebat
1386 2220 1602 2263 Nipperdey.
1621 2237 1658 2244 -
1685 2220 1717 2253 9.
1739 2221 1858 2267 preliis
1873 2222 1907 2255 M
1928 2239 1962 2244 -
1987 2221 2043 2255 40.
2059 2230 2124 2255 oa-

320 2284 490 2324 poscerent
510 2281 545 2315 M
568 2297 605 2304 -
631 2280 763 2324 agmine
785 2280 819 2313 M
845 2297 881 2303 -
907 2279 960 2312 44.
984 2278 1081 2312 Aorsi
1107 2278 1279 2319 Ryckius:
1312 2277 1426 2310 adorsi
1447 2277 1492 2311 M.
1530 2276 1580 2310 Cf.
1606 2286 1640 2310 v.
1665 2277 1697 2310 7.
1726 2294 1762 2301 -
1799 2277 1856 2311 42.
1882 2278 2066 2312 dandas-ico
2087 2278 2123 2313 M
2188 2290 2190 2292 “

328 2355 364 2363 -
391 2338 445 2372 43.
469 2337 640 2371 mitridate
662 2337 696 2371 M
721 2353 757 2360 —
784 2335 838 2370 44.
863 2343 994 2368 seracos
1016 2336 1050 2369 M
1075 2352 1110 2358 —
1137 2335 1190 2368 46.
1215 2333 1366 2376 ρναιῑὸαε
1387 2334 1422 2367 Μ
1448 2351 1483 2357 -
1514 2333 1566 2366 47.
1592 2333 1711 2366 educta
1731 2334 1861 2375 equom
1879 2351 1916 2358 -
1941 2334 1994 2368 48.
2015 2342 2123 2377 prae-

323 2395 407 2430 lium
428 2395 463 2430 M
489 2412 525 2418 —-
550 2393 727 2427 dirimisset
749 2393 782 2427 M
808 2410 843 2417 -
869 2395 965 2433 cepta
986 2392 1020 2426 M
1045 2409 1079 2415 —
1108 2391 1161 2424 49.
1184 2394 1317 2432 postero
1339 2390 1494 2433 Lipsius:
1516 2392 1685 2431 postremo
1707 2390 1752 2424 M.

326 2533 454 2567 Aulum
477 2531 636 2572 Didium,
661 2531 706 2564 de
731 2539 801 2572 quo
826 2529 915 2563 infra
940 2539 970 2562 c.
990 2529 1044 2563 40.
1072 2528 1125 2570 44,
1142 2529 1197 2563 29.

325 2585 407 2626 Agr.
434 2582 487 2616 44.
516 2599 552 2605 —-
579 2581 692 2623 Cotyn]
718 2579 925 2615 Mithridatis
951 2579 1106 2619 fratrem,
1132 2579 1201 2621 pri-

326 2643 427 2668 mum
449 2632 552 2665 huius
569 2631 721 2665 nominis
736 2631 829 2663 inter
844 2638 949 2672 reges
960 2630 1198 2671 Bosporanos,

327 2685 426 2718 cuius
451 2683 590 2716 exstant
611 2682 749 2714 nummi
772 2680 854 2714 inde
879 2680 924 2713 ab
949 2689 1042 2713 anno
1062 2679 1126 2713 342
1143 2688 1201 2713 ae-

326 2744 387 2769 rae
404 2734 587 2773 Ponticae,
613 2733 673 2774 qui
689 2731 884 2774 respondet
899 2739 990 2763 anno
1006 2732 1087 2773 post
1103 2730 1201 2763 Chri-

326 2788 421 2820 stum
444 2784 498 2824 46,
535 2792 649 2825 usque
684 2782 730 2815 ad
765 2790 898 2815 annum
926 2782 1111 2815 Ponticum
1135 2781 1199 2814 365

325 2836 400 2870 sive
430 2835 511 2878 post
539 2833 621 2866 Chr.
647 2832 707 2873 69,
741 2832 832 2865 adeo
855 2833 893 2864 ut
916 2831 1107 2864 triennium
1128 2831 1199 2864 iam

326 2886 409 2919 ante
432 2892 491 2917 res
513 2883 571 2915 hic
595 2883 756 2915 narratas
779 2890 930 2923 regnare
955 2881 1127 2923 coeperit,
1157 2889 1199 2914 ac

325 2945 390 2979 per
421 2934 541 2976 viginti
565 2934 730 2974 quattuor
753 2941 864 2965 annos
899 2932 934 2965 in
958 2931 1198 2965 dominatione

325 2983 573 3028 permanserit.
602 3001 637 3006 -
674 2981 875 3023 cohortium]
900 2980 1130 3015 auxiliarium.
1159 2998 1195 3004 -

323 3037 408 3070 Iulio
438 3033 574 3076 Aquila]
607 3032 658 3066 Cf.
692 3040 722 3064 c,
747 3032 802 3064 24.
836 3050 871 3055 -
906 3031 1199 3074 Dandaridarum]

324 3086 451 3121 Strabo
475 3085 529 3125 44,
554 3083 587 3124 2,
613 3083 648 3115 44
678 3091 712 3124 p.
738 3081 821 3114 495:
849 3080 932 3114 Τῶν
955 3079 1142 3115 Μαιωτῶν
1163 3077 1196 3114 δ’

325 3137 423 3170 εἰσὶν
457 3130 569 3168 αὐτοι
601 3141 642 3165 τε
676 3130 718 3163 οἱ
744 3129 872 3163 Σινδοὶ
903 3131 969 3164 καὶ
991 3129 1196 3178 Δανδάριοι

325 3189 388 3231 (sic
409 3184 644 3229 vocatetiam
666 3181 872 3215 Plutarchus
892 3182 927 3214 in
943 3182 1086 3216 Lucullo
1103 3192 1135 3216 c.
1155 3183 1196 3215 46

326 3239 361 3270 et
391 3235 590 3279 Stephanus
618 3233 655 3265 in
684 3231 720 3264 h.
745 3231 792 3273 v.)
828 3230 893 3263 καὶ
918 3229 1104 3278 Τορεάται
1130 3231 1196 3264 καὶ

313 3281 441 3333 Ἦγροι
462 3282 557 3324 κτλ,
587 3281 726 3325 paludis
757 3280 861 3322 igitur
884 3281 1067 3314 Maeotidis
1090 3289 1197 3314 acco-

324 3335 390 3368 lae.
411 3353 447 3358 —
469 3331 661 3375 habebatur]
680 3330 746 3363 «ab
763 3328 930 3363 omnibus
946 3329 1193 3363 credebatur».

328 3403 364 3409 —
388 3385 619 3417 Siracorum·
634 3399 656 3407 -
670 3379 861 3421 Aorsorum]
886 3378 1011 3412 Strabo
1035 3380 1089 3419 44,
1115 3380 1147 3420 5,
1173 3380 1194 3413 8

324 3443 359 3477 p.
384 3433 467 3467 606:
494 3432 534 3465 οἱ
553 3428 697 3475 μεταξὺ
719 3427 790 3473 τῆς
803 3424 1018 3469 Μαιώτιδος
1036 3428 1102 3462 καὶ
1124 3426 1195 3471 τῆς

1248 2528 1444 2569 Κασπίας,
1467 2526 1671 2568 ·Ναβιανοὶ
1704 2530 1770 2563 καὶ
1796 2525 2018 2573 Παγξανοί·
2052 2528 2120 2562 καὶ

1248 2573 1323 2622 ἤδη
1354 2575 1403 2611 τὰ
1436 2574 1512 2610 τῶν
1534 2576 1710 2624 Σιράκων
1731 2579 1798 2613 καὶ
1814 2575 1981 2625 Ἄόρσων
2002 2575 2119 2620 φῦλα.

1248 2626 1419 2662 Δοκοῦσι
1440 2626 1472 2660 δ’
1497 2625 1704 2676 οῖ”Αορσοι
1726 2630 1792 2663 καὶ
1815 2629 1858 2663 οἱ
1867 2629 2029 2677 Σίρακες
2050 2638 2123 2670 φυ-

1247 2676 1361 2723 γάδες
1383 2675 1482 2712 εἶναι
1502 2677 1578 2712 τῶν
1598 2676 1774 2728 ἀνωτέρω
1789 2680 1855 2713 καὶ
1871 2675 2124 2727 προσάρκτια

1247 2727 1395 2772 μᾶλλον
1415 2725 1591 2775 Ἇίρσων.
1625 2730 1760 2763 Deinde
1784 2731 1904 2763 narrat
1925 2728 2120 2770 Abeacum,

1248 2780 1409 2812 Siracum
1432 2787 1572 2821 regem,
1598 2788 1682 2813 cum
1704 2780 1907 2814 Pharnaces
1922 2779 2123 2822 Bosporum

1247 2830 1397 2870 teneret,
1423 2829 1543 2870 viginti
1560 2830 1720 2871 equitum
1734 2829 1831 2863 milia
1847 2830 2006 2869 misisse;
2032 2829 2123 2872 Spa-

1247 2879 1386 2920 dinem,
1419 2880 1615 2913 Aorsorum
1637 2889 1778 2922 regem,
1816 2881 1925 2913 etiam
1948 2879 2119 2919 ducenta3

1247 2929 1366 2972 plures
1395 2928 1451 2961 his
1485 2930 1616 2962 Aorsos
1639 2930 1803 2972 superius
1827 2929 2046 2970 habitantes,
2082 2928 2122 2961 ut

1247 2980 1307 3021 qui
1329 2980 1446 3012 terrae
1470 2977 1550 3021 plus
1573 2978 1775 3013 obtinerent
1798 2989 1840 3014 ac
1863 2980 1938 3013 fere
1960 2980 1996 3012 in
2013 2978 2122 3012 maxi-

1246 3037 1343 3063 mam
1366 3030 1505 3072 partem
1529 3038 1612 3062 orae
1636 3031 1743 3064 maris
1766 3030 1883 3074 Caspii
1897 3029 2120 3063 dominaren-

1246 3081 1313 3113 tur.
1339 3079 1437 3114 Unde
1460 3079 1559 3112 vides
1575 3080 1702 3113 harum
1719 3081 1901 3114 nationum
1917 3087 2005 3123 opes
2020 3078 2119 3112 haud

1247 3129 1527 3163 contemnendas
1550 3129 1671 3163 fuisse.
1704 3131 1855 3172 Siracos,
1879 3138 1951 3163 nou
1973 3129 2117 3169 Siracos,

1245 3178 1399 3222 appellat
1421 3181 1529 3213 etiam
1552 3179 1683 3212 Plinius
1706 3181 1746 3213 N.
1771 3181 1812 3213 H.
1835 3179 1856 3214 4
1879 3179 1899 3221 S
1922 3178 1977 3212 83.
1997 3194 2033 3202 -
2058 3186 2118 3211 noe

1242 3229 1308 3271 fuit
1328 3230 1365 3262 in
1386 3238 1421 3262 av
1431 3229 1506 3272 duo]
1531 3230 1607 3263 sine
1632 3228 1835 3263 difficultate
1858 3236 1939 3262 eam
1958 3226 2119 3262 obtinue-

1243 3280 1341 3325 runt.
1378 3279 1435 3312 Sic
1458 3280 1493 3312 iu
1516 3279 1579 3313 levi
1602 3279 1634 3320 3,
1659 3279 1713 3313 54.

1288 3330 1342 3363 46.
1366 3330 1489 3362 nostru
1509 3330 1546 3363 tn
1560 3329 1677 3372 armis]
1700 3329 1876 3369 Romano,
1902 3336 1974 3361 nou
1988 3327 2117 3371 qontieo

1245 3380 1294 3422 (ut
1315 3379 1364 3412 ait
1385 3379 1418 3420 3,
1443 3379 1498 3421 43)
1533 3379 1607 3413 sive
1634 3377 1789 3412 barbaro
1819 3386 1920 3412 more
1954 3378 2114 3422 instructi

1241 3429 1449 3471 armatique.
1468 3444 1512 3455 -
1529 3427 1689 3471 omentis]
1717 3428 1866 3462 Wmonta
1886 3435 1953 3471 pro
1973 3426 2111 3462 vm-
