2254 3770
210 467 247 497 40

208 855 246 885 45

207 1234 246 1265 20

205 1612 245 1644 25

206 2004 244 2035 30

205 2382 243 2413 35

261 270 343 314 574
682 271 1054 318 MONUMENTUM
1084 273 1405 320 ANCYRANUM
1433 275 1634 319 LATINE.

318 376 495 435 conlega
526 377 614 422 Tib.
646 378 822 423 Caesare
849 379 928 436 feci
955 379 1052 423 Sex.
1084 380 1287 438 Pompeio
1318 386 1362 423 et
1390 381 1487 425 Sex.
1518 381 1727 440 Appuleio
1757 396 1858 434 cos„

317 465 403 510 quo
432 451 566 497 lustro
596 467 726 497 censa
753 461 849 498 sunt
878 455 1023 498 civium
1051 456 1336 499 Romanorum
1365 456 1553 514 capitum
1582 456 1870 515 quadragiens

316 533 486 571 centum
516 527 648 572 millia
676 535 714 572 et
743 530 967 587 nonaginta
997 537 1040 574 et
1068 537 1234 588 septem
1263 530 1406 574 millia.

259 615 602 689 Ifflffijif'vss
621 616 733 685 *latis
775 616 965 675 exempla
1003 617 1824 688 malQsqPQAEZQffiQQmet
1851 619 2050 678 fuyientia

267 688 270 691 ’
314 690 399 734 iam
428 705 482 735 ex
513 678 945 737 ἑῖὅῇνῖῗῆὲῖἧόἥᾶᾝ
963 679 1299 737 ἩἺῗῑῖίῊίᾎιέἐΐυιὴ
1331 683 1527 752 exempla
1567 694 1769 738 imitanda
1799 694 1938 740 edictis
1965 711 2051 740 me-

312 766 349 809 is
373 767 582 825 proposui.
627 768 900 825 Magistratus
931 775 973 812 et
1002 768 1252 813 sacerdotes
1281 768 1502 812 commodis
1530 776 1568 813 et
1596 769 1792 827 dignitate

314 842 430 885 auoei.
474 842 633 886 Plebem
660 843 803 887 multis
833 843 1038 890 beneficiis
1066 843 1198 902 affeci.
1247 844 1309 888 Ob
1338 859 1387 888 ea
1415 845 1562 888 merita
1590 851 1758 889 senatus

314 918 504 972 decrevit,
534 925 580 962 ut
600 934 681 977 per
709 926 911 978 quattuor
939 920 1201 977 amplissima
1230 919 1409 977 colleyia
1437 919 1746 978 sacerdotesque
1774 920 1868 964 reli-

314 1007 415 1052 quos
442 1001 481 1037 et
504 1009 582 1052 per
610 1001 739 1039 totam
766 995 936 1039 Italiam
966 1002 1009 1039 et
1037 995 1363 1053 municipiorum
1392 996 1680 1039 universorum
1709 995 1863 1054 templa

312 1069 615 1128 supplicaretur
643 1070 758 1129 apud
789 1071 931 1115 omnia
959 1070 1197 1128 pulvinaria
1226 1085 1305 1129 pro
1336 1070 1570 1115 valetudine
1598 1085 1707 1123 mea,
1739 1085 1811 1115 no-

312 1159 483 1204 menque
510 1160 648 1190 meum
674 1146 883 1191 inclusum
913 1152 979 1190 est
1006 1146 1050 1189 in
1081 1146 1242 1190 Saliare
1273 1159 1444 1191 carmen
1477 1153 1519 1190 et
1547 1160 1773 1191 sacrosan-

313 1228 403 1265 ctus
429 1221 633 1266 iudicatus
660 1236 776 1276 sum,
803 1228 1112 1281 praetereaque
1139 1221 1365 1266 tribunicia
1396 1228 1584 1279 potestas
1614 1222 1715 1265 mihi
1746 1222 1901 1266 consuli

312 1297 572 1341 undecimum
600 1312 694 1342 cum
725 1298 794 1342 Gn.
824 1299 972 1342 Pisone
1001 1298 1153 1342 iterum
1182 1297 1224 1340 in
1247 1303 1495 1355 perpetuum
1523 1297 1663 1341 delata
1691 1305 1761 1341 est.
1802 1297 1956 1356 Populo

311 1387 519 1417 summum
549 1373 838 1419 sacerdotium
867 1373 1087 1418 deferente
1118 1373 1239 1424 mihi,
1271 1372 1389 1431 quod
1419 1379 1542 1430 pater
1570 1386 1693 1417 meus
1719 1374 1975 1430 procuravit,

311 1450 472 1508 suscepi
498 1449 543 1492 id
572 1449 861 1510 sacerdotium
890 1448 1055 1508 aliquot
1083 1455 1181 1507 post
1210 1462 1345 1492 annos
1376 1461 1429 1491 eo
1461 1454 1644 1501 mortuo,
1676 1449 1746 1506 qui
1766 1456 1863 1506 post
1884 1455 2052 1507 patrem

312 1539 449 1569 meum
476 1525 581 1569 illud
599 1532 929 1581 procuraverat,
962 1530 1116 1569 cuncta
1145 1538 1199 1568 ex
1227 1523 1346 1568 Italia
1375 1530 1470 1567 vota
1499 1523 1761 1581 offerentibus
1787 1525 1921 1568 muni-

312 1602 412 1659 cipis
441 1616 496 1645 eso
523 1594 838 1650 consuetudine,
871 1606 1029 1659 quanta
1058 1601 1218 1644 Romae
1248 1613 1463 1657 nunquam
1491 1606 1586 1643 ante
1612 1599 1726 1657 facta
1755 1614 1840 1644 esse

310 1684 554 1732 narrantur,
583 1678 626 1721 P.
657 1676 847 1735 Sulpicio
878 1676 922 1720 C.
954 1675 1099 1733 Valgio
1129 1674 1392 1719 consulibus.

255 1766 387 1810 Aram
401 1766 608 1810 Fortunae
624 1764 836 1809 Salutaris
846 1778 980 1822 prope
994 1763 1112 1807 aedis
1131 1763 1314 1807 Honoris
1336 1769 1379 1807 et
1393 1763 1565 1807 Virtutis
1586 1763 1639 1807 ad
1661 1770 1828 1822 portam
1845 1763 2051 1822 Capenam

305 1857 387 1900 pro
415 1841 551 1886 reditu
577 1855 667 1885 meo
694 1855 739 1884 in
766 1839 910 1883 urbem
937 1846 1105 1883 senatus
1135 1839 1420 1890 consacravit‚
1454 1839 1496 1881 in
1526 1853 1613 1897 qua
1641 1838 1853 1896 pontifices
1881 1846 1920 1882 et

311 1918 543 1962 sacerdotes
571 1917 912 1962 anniversarium
941 1914 1200 1960 sacrificium
1229 1915 1417 1959 facerent
1445 1914 1494 1958 ob
1522 1914 1699 1958 salutem
1725 1928 1862 1958 meam

311 2000 608 2038 conservatam.
653 1993 732 2036 Pro
761 1992 893 2036 reditu
920 2005 1009 2035 meo
1038 1991 1081 2033 in
1111 1990 1263 2035 urbem
1292 2004 1346 2034 ex
1374 1991 1665 2034 transmarinis
1685 1991 1894 2048 provincis

311 2077 479 2114 senatus
507 2068 764 2114 consacravit
792 2081 914 2111 aram
943 2067 1150 2110 Fortunae
1179 2066 1331 2110 Reduci
1439 2091 1460 2100 -
1572 2092 1593 2099 -
1706 2092 1726 2099 -
1839 2092 1859 2099 -

312 2153 350 2190 et
378 2160 458 2205 quo
487 2146 551 2190 die
579 2145 723 2189 urbem
750 2145 973 2188 intrassem
1000 2143 1117 2187 iussit
1145 2156 1230 2186 esse
1257 2142 1386 2200 ferias
1441 2167 1463 2174 -
1574 2167 1595 2174 -
1707 2168 1726 2174 -
1839 2167 1860 2174 -

338 2248 360 2255 -
471 2247 493 2255 -
605 2248 626 2254 -
737 2247 757 2253 —
816 2226 859 2264 et
886 2219 983 2278 prin
1004 2253 1126 2263 .....
1158 2232 1183 2262 a
1212 2217 1315 2261 mihi
1442 2243 1463 2253 -
1576 2243 1597 2249 -
1709 2243 1729 2250 -
1840 2242 1863 2250 -

338 2324 360 2331 -
471 2324 492 2330 -
603 2323 624 2330 -
737 2322 758 2329 -
813 2296 949 2339 honos
972 2329 1010 2340 ..
1029 2329 1038 2338 .
1056 2328 1065 2338 .
1095 2294 1225 2338 Aram
1253 2294 1371 2337 Pacis
1397 2294 1440 2336 in
1469 2307 1614 2351 campo
1642 2293 1795 2337 Martio

312 2374 362 2417 ob
389 2388 457 2418 res
484 2374 528 2416 in
556 2373 761 2431 Hispania
792 2371 1006 2429 Galliaque
1028 2370 1267 2429 provinciis
1298 2383 1496 2427 prospere
1524 2375 1661 2426 qestas
1687 2375 1856 2413 senatus

312 2450 567 2494 consacravit
597 2448 650 2492 Ti.
680 2449 848 2494 Nerone
877 2449 922 2491 P.
954 2446 1173 2500 Quinctilio
1202 2459 1281 2489 cos.
1312 2458 1508 2506 aramque
1538 2445 1741 2489 Fortunae
1769 2444 1922 2488 Reduci

311 2526 451 2571 eodem
479 2540 588 2570 anno
617 2531 784 2569 senatus
808 2537 888 2582 pro
917 2522 1058 2566 reditu
1088 2535 1185 2566 meo
1215 2521 1478 2565 consecravit
1505 2520 1560 2564 ad
1590 2534 1785 2579 campum
1811 2521 1927 2565 Mar-

312 2603 436 2657 tium,
465 2603 509 2646 in
537 2614 621 2660 qua
649 2601 920 2659 magistratus
950 2605 993 2644 et
1022 2597 1255 2643 sacerdotes
1280 2611 1359 2655 pro
1387 2596 1521 2640 salute
1548 2610 1642 2640 mea
1669 2597 1800 2640 sacri-

342 2750 375 2783 9.
400 2749 539 2791 conlega
563 2748 631 2781 Tib.
656 2747 811 2788 Caesare]
842 2746 1029 2782 Suetonius
1058 2743 1133 2778 Tib.
1158 2745 1218 2777 2⁴:
1255 2744 1326 2786 leqe
1347 2751 1412 2784 per
1441 2742 1590 2776 consules
1612 2742 1684 2775 lata
1704 2745 1742 2775 ut
1757 2741 1953 2784 provincias
1973 2749 2050 2775 cum

254 2806 402 2849 Anqusto
423 2805 641 2839 communiter
661 2804 913 2837 administraret
934 2801 1097 2843 simulque
1118 2809 1252 2833 censum
1273 2802 1403 2842 ageret,
1438 2799 1567 2832 condito
1589 2799 1694 2831 lustro
1715 2799 1752 2831 in
1773 2799 1946 2839 Illyricum
1961 2806 2050 2839 pro-

253 2863 358 2905 fectus
379 2866 436 2896 est.
450 2880 484 2887 -
514 2862 566 2894 44.
586 2869 683 2894 cnm
709 2861 734 2893 C
748 2861 793 2893 L:
819 2868 934 2893 lemn
957 2858 1029 2898 BT,
1054 2856 1148 2890 unde
1172 2857 1315 2898 triginta
1330 2855 1538 2889 Gronovius.
1551 2873 1586 2878 —
1611 2855 1662 2888 42.
1681 2854 1822 2908 Legibus
1842 2854 1940 2887 novis
1959 2853 2048 2896 latis]

256 2919 308 2953 Cf.
333 2919 441 2952 Tacit.
466 2919 555 2951 Ann.
580 2917 613 2958 3,
637 2917 693 2950 28.
718 2916 750 2957 4,
778 2916 831 2949 46.
856 2916 1000 2948 Sueton.
1026 2913 1079 2947 34.
1108 2931 1143 2936 -
1169 2912 1393 2946 θωοῑσεοοηιία
1413 2910 1579 2953 revocavi]
1605 2911 1656 2944 Cf.
1681 2911 1826 2944 Sueton.
1845 2909 1966 2944 Claud.
1984 2910 2045 2943 22:

255 2976 386 3009 exoleta
406 2974 588 3008 revocavit.
615 2992 652 2997 —
679 2973 720 3007 44
736 2974 773 3006 et
789 2973 841 3005 45.
867 2980 938 3005 om.
956 2972 982 3004 B
996 2971 1021 3004 C
1050 2986 1085 2994 -
1114 2968 1166 3002 44.
1191 2976 1274 3003 aras
1297 2969 1341 3002 T:
1367 2976 1450 3002 ures
1466 2969 1491 3000 L
1511 2985 1546 2991 -—
1571 2967 1796 3010 Magistratus
1817 2970 1847 3000 et
1863 2966 2049 3000 sacerdotes

256 3033 367 3075 auexit]
397 3032 584 3066 Suetonius
607 3031 694 3072 Aug.
720 3029 755 3062 34
773 3038 781 3060 :
817 3028 1036 3061 Sacerdotum
1065 3029 1095 3059 et
1121 3033 1298 3058 numerum
1319 3028 1350 3058 et
1370 3024 1582 3067 inquitatem,
1612 3023 1669 3057 sed
1689 3026 1722 3056 et
1741 3023 1915 3056 commoda
1935 3022 2048 3064 auxit]

256 3089 307 3123 Cf.
332 3089 398 3122 Dio
420 3088 475 3129 54,
499 3087 555 3120 20.
583 3105 620 3110 -
654 3085 708 3118 46.
733 3087 894 3125 quattuor
922 3083 1129 3125 amplissima
1158 3080 1307 3124 collegia]
1337 3080 1564 3123 pontificum,
1597 3087 1790 3121 augurum,
1822 3078 2046 3121 qulndecim-

254 3145 411 3178 virorum
434 3144 545 3178 sacris
568 3141 758 3181 faciundis,
783 3140 1081 3182 septemvirorum
1105 3136 1309 3181 epulonum.
1331 3154 1366 3160 —
1386 3136 1439 3169 47.
1456 3135 1601 3178 ltaliam]
1624 3143 1755 3168 nmen
1776 3134 1991 3178 apographa.
2006 3150 2042 3158 —

256 3202 309 3235 48.
326 3201 574 3243 supplicaretur
596 3198 678 3241 cet.]
711 3196 763 3230 Cf.
787 3196 852 3229 Dio
875 3196 930 3236 54,
955 3194 1009 3228 49.
1037 3211 1072 3217 -—
1098 3201 1281 3235 nomenque
1301 3201 1411 3225 meum
1432 3192 1595 3225 inclusum
1616 3194 1664 3225 est
1685 3192 1721 3224 in
1743 3191 1877 3224 Saliare
1898 3198 2043 3224 carmen.

255 3256 343 3290 Vide
367 3257 412 3290 ad
435 3255 543 3290 Taciti
564 3255 654 3288 Ann.
671 3254 705 3294 2,
722 3252 776 3286 83.
797 3269 834 3275 —
861 3251 915 3284 49.
939 3254 972 3284 et
992 3253 1226 3283 sacrosanctus
1247 3249 1414 3281 iudicatus
1435 3247 1520 3290 sum]
1545 3248 1609 3281 Dio
1632 3247 1686 3288 59,
1711 3248 1772 3281 ⁴5:
1797 3245 2047 3290 ἐψηφίσαντο

256 3313 302 3354 (a.
318 3321 354 3347 u.
371 3313 446 3355 748)
469 3308 515 3345 τὸ
538 3308 637 3355 μήτε
658 3307 760 3353 λόγῳ
782 3305 882 3352 μήτε
903 3302 1001 3353 ἔργῳ
1023 3315 1059 3339 τι
1082 3302 1324 3352 ὑβρίζεσθαι,
1350 3304 1386 3337 εἰ
1406 3302 1447 3337 δὲ
1468 3301 1545 3347 μή,
1569 3307 1652 3345 τοῖς
1673 3299 1807 3344 αὐτοῖς
1827 3299 1896 3336 τὸν
1916 3299 2047 3335 τοιοῦ-

255 3366 323 3402 τόν
345 3377 383 3401 τι
403 3365 599 3415 δράσαντα
620 3364 823 3405 ἐνέχεσθαι
845 3358 976 3410 οἷςπερ
997 3361 1059 3396 ἐπὶ
1081 3361 1133 3407 τῷ
1155 3359 1342 3409 δημάρχῳ
1365 3360 1554 3395 ἐτέτακτο.
1576 3377 1611 3385 -
1629 3360 1684 3394 20.
1706 3358 1885 3392 tribunicia
1900 3361 2049 3400 potestas

255 3423 433 3459 --delata
453 3423 512 3466 eet]
535 3422 588 3457 Cf.
613 3422 755 3456 Sueton-
780 3422 868 3463 Aug.
891 3418 947 3453 27.
971 3418 1078 3452 Tacit.
1106 3420 1195 3452 Ann.
1213 3417 1245 3460 3,
1263 3418 1318 3451 56.
1343 3417 1408 3450 Dio
1431 3416 1485 3459 53,
1503 3416 1558 3450 ³2.
1579 3433 1615 3440 —
1640 3416 1696 3450 2⁴.
1719 3415 1835 3449 mone
1854 3414 1977 3449 “mm
1995 3413 2047 3457 tn]

2251 875 2254 891 -
2246 722 2254 850 .2-.-—-
2246 289 2254 706 -—-—.—u.-..2..-—.n—.-ss.-
2252 263 2254 267 .
2250 236 2254 242 Α
2251 217 2254 220 .
2251 193 2254 199 ,
