2254 3770
300 256 354 300 24
782 258 827 301 P.
859 258 1109 302 CORNELII
1138 258 1308 303 TACITI
1338 258 1606 304 ANNALIUM

300 376 474 408 carcere
505 364 678 408 effracto
709 364 876 408 solvunt
905 363 1088 413 vincula.
1122 363 1455 423 desertoresque
1483 379 1533 409 ac
1562 379 1707 409 rerum
1735 366 1977 425 capitalium
2007 366 2083 411 da-

299 445 464 483 mnatos
494 438 574 483 sibi
606 439 690 482 iam
709 439 900 482 miscent.
945 439 1029 496 (22)
1049 439 1294 497 flagrantior
1314 439 1413 482 inde
1435 440 1516 489 vis,
1549 439 1694 498 plures
1715 441 1911 485 seditioni
1935 441 2081 486 duces.

300 521 342 559 et
361 514 593 559 Vibulenus
622 515 795 573 quidam
827 515 1048 571 gregarius
1079 514 1216 562 miles,
1250 520 1346 557 ante
1376 514 1558 557 tribunal
1583 514 1719 559 Blaesi
1751 516 1972 561 adlevatus
2003 517 2086 562 cir-

300 590 598 635 cumstantium
627 590 806 638 umeris,
847 596 949 647 aput
984 590 1175 633 turbatos
1212 596 1253 639 et
1290 589 1394 648 quid
1435 597 1606 647 pararet
1644 591 1824 636 intentos
1857 606 1959 636 «vos
1989 592 2082 651 qui-

267 666 438 716 sdem»,
471 666 622 724 inquit,
659 665 748 708 «his
779 665 1074 709 innocentibus
1106 671 1147 709 et
1175 664 1426 708 miserrimis
1456 664 1597 709 lucem
1618 672 1660 709 et
1680 667 1873 724 spiritum
1896 667 2086 711 reddidi-

300 741 394 784 stis:
426 740 502 784 sed
535 740 632 798 quis
661 740 774 783 fratri
806 754 904 784 meo
927 741 1071 790 vitam,
1104 741 1202 798 quis
1223 740 1394 782 fratrem
1414 739 1513 782 mihi
1536 740 1709 784 reddit?
1739 756 1886 800 quem,
1908 743 2087 787 missum

300 815 355 859 ad
384 830 460 859 vos
491 830 516 859 a
545 815 796 859 Germanico
828 816 1015 859 exercitu
1046 815 1101 859 de
1132 815 1429 859 communibus
1451 816 1705 865 commodis,
1739 824 1862 863 nocte
1891 819 2088 875 proxima

299 891 503 948 iugulavit
522 905 600 949 per
620 890 877 948 gladiatores
898 905 1016 940 suos,
1050 905 1160 950 quos
1181 891 1222 933 in
1244 891 1418 934 exitium
1441 890 1622 934 militum
1643 891 1770 935 habet
1790 900 1917 951 atque
1940 900 2087 938 armat.

301 966 534 1025 responde,
578 965 747 1017 Blaese,
789 966 860 1009 ubi
902 966 1085 1010 cadaver
1123 966 1345 1010 abieceris.
1405 981 1458 1010 ne
1490 967 1633 1010 hostes
1663 967 1837 1025 quidem
1867 968 2089 1027 sepultura

249 1042 499 1085 aoinvident.
550 1055 645 1085 cum
677 1041 854 1091 osculis,
888 1056 985 1086 cum
1018 1041 1201 1085 lacrimis
1222 1041 1416 1086 dolorem
1435 1056 1578 1086 meum
1602 1042 1853 1101 implevero,
1885 1058 1955 1088 me
1977 1058 2090 1103 quo-

301 1131 386 1176 que
417 1116 617 1160 trucidari
649 1117 769 1164 iube,
803 1117 903 1159 dum
935 1116 1178 1160 interfectos
1209 1117 1369 1160 nullum
1399 1118 1455 1161 ob
1486 1117 1648 1168 scelus,
1681 1118 1758 1162 sed
1789 1119 1888 1177 quia
1919 1119 2085 1164 utilitati

300 1193 516 1250 legionum
555 1191 900 1240 consulebamus.
942 1191 984 1234 hi
1024 1192 1268 1250 sepeliant.»
1332 1193 1414 1249 (23)
1446 1193 1702 1237 incendebat
1738 1194 1844 1238 haec
1882 1194 2003 1245 fletu,
2045 1201 2088 1239 et

300 1275 451 1327 pectus
482 1275 609 1326 atque
640 1281 688 1310 os
720 1267 914 1310 manibus
945 1267 1189 1311 verberans.
1239 1283 1338 1312 mox
1375 1268 1562 1312 disiectis
1597 1258 1782 1328 quorum
1810 1284 1889 1328 per
1915 1284 2089 1315 umeros

301 1342 605 1391 sustinebatur,
637 1356 847 1400 praeceps
879 1349 920 1385 et
949 1343 1211 1401 singulorum
1242 1343 1427 1402 pedibus
1457 1344 1682 1388 advolutus
1711 1351 1870 1389 tantum
1896 1352 2086 1391 conster-

252 1431 289 1460 ⁴5
301 1418 482 1462 nationis
513 1418 785 1476 invidiaeque
817 1418 1016 1469 concivit,
1055 1424 1102 1461 ut
1130 1433 1230 1476 pars
1261 1419 1437 1462 militum
1468 1419 1726 1476 gladiatores
1755 1421 1827 1478 qui
1861 1435 1885 1465 e
1916 1421 2089 1466 servitio

300 1494 438 1538 Blaesi
470 1500 605 1543 erant,
637 1507 737 1550 pars
767 1500 952 1537 ceteram
981 1493 1177 1537 eiusdem
1206 1494 1405 1538 familiam
1434 1495 1660 1546 vincirent,
1694 1495 1762 1539 alii
1794 1496 1846 1539 ad
1878 1511 2091 1555 quaeren-

284 1570 402 1613 'dum
435 1583 591 1627 corpus
622 1567 954 1612 effunderentur.
1004 1582 1054 1612 ac
1085 1570 1125 1611 ni
1157 1584 1343 1628 propere
1373 1584 1515 1629 neque
1547 1585 1703 1629 corpus
1732 1571 1863 1615 ullum
1896 1573 2087 1630 reperiri,

303 1652 345 1689 et
374 1659 522 1688 servos
553 1643 751 1687 adhibitis
773 1643 1030 1687 cruciatibus
1050 1643 1241 1686 abnuere
1264 1643 1459 1694 caedem,
1492 1658 1634 1702 neque
1655 1645 1713 1688 illi
1733 1646 1862 1691 fuisse
1883 1662 2088 1706 umquam

302 1720 473 1763 fratrem
511 1719 814 1778 pernotuisset‚
862 1718 964 1762 haut
1001 1718 1180 1761 multum
1218 1718 1271 1761 ab
1310 1719 1436 1762 exitio
1475 1719 1600 1777 legati
1642 1720 1830 1764 aberant.
1889 1723 2082 1767 tribunos

251 1815 288 1845 20
303 1802 442 1839 tamen
473 1809 523 1838 ac
552 1794 812 1852 praefectum
845 1800 1083 1838 castrorum
1113 1801 1355 1837 extrusere:
1387 1795 1580 1839 sarcinae
1607 1795 1851 1854 fugientium
1875 1797 2086 1857 direptae3

301 1877 343 1914 et
372 1870 562 1914 centurio
592 1869 778 1913 Lucilius
809 1868 1075 1918 interficitur,
1109 1869 1175 1912 cui
1207 1869 1456 1913 militaribus
1483 1869 1645 1914 facetiis
1667 1872 1919 1916 vocabulum
1954 1875 2087 1918 «cedo

302 1946 499 1989 alteram»
535 1945 794 1995 indiderant,
833 1944 935 2002 quia
963 1944 1092 1988 fracta
1123 1944 1208 1988 vite
1238 1945 1280 1987 in
1310 1951 1430 2003 tergo
1459 1945 1603 1989 militis
1633 1946 1809 1991 alteram
1838 1948 1953 1992 clara
1981 1963 2088 1994 voce

302 2035 353 2065 ac
382 2034 531 2064 rursus
562 2019 685 2063 aliam
706 2019 925 2076 poscebat.
971 2025 1138 2063 ceteros
1160 2019 1349 2064 latebrae
1379 2027 1545 2072 texere,
1576 2036 1662 2065 uno
1682 2030 1847 2066 retento
1871 2024 2087 2069 Clemente

344 2161 377 2193 5.
402 2158 592 2192 misserimis
614 2158 744 2200 (priore
766 2166 782 2189 s
804 2158 935 2199 puncto
959 2157 1087 2198 notata)
1111 2159 1145 2191 M
1169 2175 1204 2181 —
1230 2159 1394 2192 redidistis
1415 2161 1449 2193 M
1474 2177 1510 2184 -
1535 2161 1567 2193 8.
1593 2161 1666 2194 abet
1688 2163 1721 2195 M
1745 2179 1781 2185 -
1816 2162 1847 2195 9.
1873 2163 2033 2205 ableqeris
2054 2166 2087 2199 M

301 2217 472 2260 (abieceris
495 2216 640 2257 margo).
688 2214 738 2247 Cf.
765 2215 940 2246 Baiterum
964 2215 1010 2246 ad
1034 2215 1212 2248 Ciceronis
1235 2215 1304 2248 vol.
1330 2217 1371 2249 11.
1397 2226 1431 2258 p.
1456 2216 1538 2257 495,
1563 2218 1616 2250 22.
1646 2235 1680 2240 -
1713 2219 1766 2250 42.
1794 2219 1828 2250 hi
1851 2220 2023 2253 Muretus:
2064 2221 2090 2252 ii

300 2274 335 2307 M
366 2290 400 2296 -
437 2272 630 2304 incendebat
659 2271 865 2303 Rhenanus:
901 2270 1069 2303 incedebat
1098 2272 1131 2304 M
1163 2289 1199 2295 —
1237 2273 1289 2304 ⁴6.
1314 2274 1481 2305 vincerent
1510 2282 1564 2315 pr.
1589 2275 1623 2307 M
1650 2291 1685 2297 -
1724 2275 1777 2307 47.
1801 2277 1966 2316 repperiri
1988 2278 2022 2311 M
2044 2295 2087 2301 —
2126 2269 2127 2272 ¹

300 2330 354 2363 24.
380 2329 480 2362 caedo
503 2329 536 2362 M
561 2346 597 2352 —
622 2329 675 2361 22.
699 2328 793 2369 facta
814 2327 904 2360 uitae
926 2328 960 2361 M
983 2327 1109 2369 (fracta
1129 2328 1194 2361 vite
1216 2328 1364 2370 margo).

297 2443 519 2483 permoverat.
547 2458 581 2463 —
617 2440 677 2472 sibi
699 2440 768 2472 iam
789 2440 936 2481 miscent]
961 2448 1030 2472 «eo
1053 2448 1168 2481 usque
1220 2442 1260 2482 2,
1287 2441 1339 2482 40,
1364 2441 1403 2473 2ε
1434 2450 1600 2483 quousque
1622 2445 1652 2475 et
1674 2442 1732 2475 tibi
1754 2446 1784 2476 et
1805 2444 1897 2477 nobis
1916 2445 2086 2488 invidebis,

299 2492 458 2535 provecti
483 2491 581 2530 sunt,
607 2492 646 2524 ut
668 2490 734 2523 sibi
758 2491 982 2523 miscerent.»

344 2543 397 2575 22.
423 2541 658 2583 communibus]
684 2542 882 2574 Pannonico
907 2542 942 2574 et
961 2542 1168 2574 Germanico

302 2593 481 2626 exercitui.
510 2609 544 2614 —
577 2590 789 2634 gladiatores]
818 2591 1004 2631 Praesides
1026 2592 1170 2633 provin-

301 2644 456 2682 ciarum,
482 2642 587 2674 etiam
612 2641 723 2674 duces
746 2642 782 2673 in
806 2641 939 2674 stativis
959 2640 1169 2682 gladiatores

301 2692 442 2727 alebant
457 2693 503 2725 ad
522 2691 624 2726 ludos
642 2691 814 2725 edendos.
834 2709 869 2715 —
895 2691 963 2733 ubi]
981 2691 1045 2725 Ubi
1061 2692 1169 2733 signi-

301 2744 416 2777 ficatio
440 2744 475 2776 in
496 2743 565 2775 loco
583 2744 618 2775 et
633 2743 789 2775 inlocum
806 2743 1000 2782 concurrit,
1025 2743 1063 2774 ut
1077 2742 1111 2774 h.
1130 2742 1168 2784 1.,

302 2794 338 2827 et
366 2793 422 2826 ubi
452 2794 487 2825 et
517 2802 580 2834 quo
607 2793 689 2835 poni
719 2793 853 2835 potest;
885 2801 955 2825 non
986 2800 1067 2824 cum
1097 2791 1170 2825 sola

303 2844 357 2877 est
379 2843 582 2885 significatio
605 2844 640 2875 in
662 2843 785 2883 locum,
813 2842 877 2875 sed
899 2842 947 2875 ibi
969 2843 1170 2875 necessario

302 2902 365 2935 quo
389 2892 527 2926 dicitur.
554 2893 633 2925 Emi.
672 2892 722 2925 Cf.
749 2893 891 2925 Sueton.
916 2893 997 2925 Ner.
1023 2891 1083 2925 48:
1110 2891 1171 2924 ab·

300 2943 376 2976 iecti
398 2943 434 2975 in
454 2942 512 2974 via
534 2943 716 2974 cadaveris.
744 2940 841 2974 Galb.
863 2942 924 2975 20:
951 2951 987 2974 eo
1010 2941 1092 2982 loco,
1116 2941 1172 2973 ubi

301 2994 392 3026 iussu
408 2992 533 3026 Galbae
547 2993 815 3025 animadversum
831 2993 865 3024 in
881 2995 1061 3033 patronum
1076 3000 1172 3024 suum

301 3045 431 3085 fuerat,
456 3043 583 3076 abiecit.
613 3061 647 3066 —-
678 3043 850 3084 sepultura
872 3043 1027 3085 invident]
1051 3044 1168 3075 Germ.

304 3094 361 3126 33:
389 3102 430 3125 ne
451 3093 635 3134 spectaculo
653 3093 781 3134 quidem
800 3092 919 3133 proelii
938 3093 1083 3125 invidere
1100 3093 1172 3133 (no-

304 3142 382 3184 bis).
408 3142 546 3182 Quintil.
573 3143 605 3183 9,
631 3143 663 3183 3,
682 3143 719 3175 i:
745 3143 773 3175 si
795 3143 970 3183 antiquum
991 3152 1172 3176 sermonem

302 3197 414 3225 nostro
441 3202 686 3235 comparemus,
714 3202 822 3234 paene
847 3193 916 3225 iam
941 3193 1098 3235 quicquid
1119 3193 1171 3225 lo-

304 3243 437 3283 quimur
450 3244 562 3285 flqura
576 3247 634 3284 est,
657 3246 695 3276 ut
709 3243 786 3275 hac
806 3251 850 3276 re
868 3243 1074 3283 invidere,
1091 3252 1168 3283 non,

302 3295 340 3324 ut
369 3301 477 3324 omnes
502 3296 624 3326 veteres
651 3296 682 3326 et
705 3292 818 3326 Cicero
837 3293 1033 3333 praecipue,
1064 3292 1171 3324 hanc

303 3350 402 3375 rem.
426 3343 554 3376 Lucan.
574 3344 606 3384 7,
625 3343 708 3376 798:
734 3341 860 3375 Invidet
882 3343 956 3384 iqne
971 3342 1057 3384 roqi.
1083 3340 1167 3374 Plin.

303 3392 396 3435 Epp.
417 3393 448 3434 4,
475 3393 527 3433 40,
554 3393 612 3426 42ε
643 3401 811 3434 neque--
826 3393 955 3425 invideo
977 3392 1053 3425 aliis
1075 3391 1168 3424 bono.

1221 2490 1278 2523 tibi
1292 2491 1445 2523 maa-ima
1460 2492 1576 2532 laude,
1600 2492 1692 2524 nobis
1707 2494 1900 2534 voluptate?
1923 2495 1956 2534 2,
1973 2495 2028 2535 20,
2044 2495 2084 2528 8:

1221 2541 1300 2581 quid
1322 2541 1472 2573 invidetis
1494 2542 1581 2574 bona
1601 2544 1731 2575 morte?
1754 2543 1786 2583 3,
1804 2543 1836 2582 8,
1853 2544 1892 2576 2:
1917 2544 1994 2576 huic
2011 2545 2087 2585 pie-

1220 2591 1298 2623 tatis
1319 2591 1422 2623 titulis
1442 2592 1598 2625 invidere.

1264 2641 1317 2674 23.
1342 2643 1531 2675 incendebat
1553 2643 1643 2683 haec]
1672 2643 1746 2676 «his
1769 2643 1934 2677 ardorem
1958 2646 1994 2677 et
2017 2645 2087 2678 vim

1221 2690 1408 2724 addebat.»
1435 2692 1486 2725 Cf.
1513 2701 1542 2726 c.
1563 2693 1623 2725 69:
1648 2693 1844 2726 accendebat
1864 2694 1944 2727 haec
1966 2704 2088 2727 onera-

1221 2741 1338 2782 batque
1361 2742 1511 2774 Seianus.
1538 2759 1573 2765 —
1607 2743 1806 2775 militaribus
1825 2743 1964 2785 facetiis]
1988 2744 2086 2778 Aliud

1222 2792 1329 2824 moris
1356 2791 1459 2824 huius
1487 2791 1644 2825 militaris
1675 2792 1876 2835 exemplum
1905 2793 2031 2836 legitur
2051 2796 2086 2828 in

1220 2841 1362 2883 Vopisci
1391 2840 1576 2874 Aureliano
1605 2842 1646 2874 6:
1682 2842 1757 2874 huic
1788 2843 1919 2885 signum
1948 2845 2002 2884 (ut
2029 2844 2087 2878 hic

1219 2890 1431 2931 vocabulum,
1467 2891 1680 2932 Uebername,
1715 2891 1894 2934 sobriquet)
1924 2895 2089 2927 exercitus

1220 2944 1421 2982 apposuerat
1444 2950 1583 2973 «manus
1598 2942 1642 2973 ad
1655 2942 1815 2982 ferrum».
1837 2959 1873 2966 —
1897 2943 2010 2984 fracta
2023 2944 2089 2977 vite

1220 2992 1255 3023 in
1278 2991 1380 3034 teryo]
1412 2992 1450 3023 In
1483 2990 1602 3023 militia
1627 2991 1722 3024 cives
1745 2993 1890 3025 Romani
1914 2992 2087 3026 verbera-

1221 3040 1351 3073 bantur
1371 3040 1517 3081 vitibus,
1549 3042 1657 3073 ceteri
1685 3040 1849 3074 fustibus.
1881 3043 1965 3075 Livii
1994 3044 2084 3085 Epit.

1221 3092 1275 3124 57.
1301 3090 1346 3124 de
1370 3091 1530 3133 Scipione
1554 3090 1599 3123 ad
1622 3091 1863 3125 Numantiam:
1895 3101 1990 3133 quem
2018 3093 2086 3126 mi-

1220 3141 1308 3174 litem
1330 3144 1430 3174 extra
1453 3141 1601 3173 ordinem
1623 3141 1847 3182 deprehendit,
1872 3143 1901 3174 si
1918 3143 2086 3177 Romanus

1221 3195 1318 3232 esset,
1348 3191 1483 3231 vitibus,
1512 3191 1540 3223 si
1569 3194 1764 3232 extraneus,
1798 3191 1937 3233 fustibus
1957 3193 2083 3227 cecidit.

1222 3240 1306 3275 Plin.
1337 3237 1377 3274 N.
1409 3241 1450 3273 H.
1484 3240 1544 3281 ⁴4,
1580 3239 1683 3282 5⁴9:
1722 3241 1808 3282 Quid
1840 3242 1927 3283 quod
1959 3243 2086 3277 inserta

1221 3291 1340 3323 castris
1365 3299 1529 3323 summam
1551 3299 1664 3322 rerum
1686 3291 1925 3333 imperiumque
1945 3293 2086 3326 continet

1221 3341 1449 3374 centurionum
1479 3341 1515 3373 in
1537 3349 1640 3373 manu
1667 3340 1760 3382 vitis,
1796 3345 1826 3374 et
1851 3342 1960 3383 opimo
1985 3351 2086 3383 prae-

1220 3391 1288 3424 mio
1310 3391 1424 3423 tardos
1445 3391 1575 3424 ordines
1596 3390 1641 3422 ad
1662 3389 1767 3423 lentas
1783 3391 1934 3433 perducit
1956 3392 2088 3433 aquilas
