2254 3770
823 261 978 306 LIBER
1006 260 1055 304 II.

1100 260 1201 319 Cap.
1231 261 1271 304 7.
1301 261 1341 305 8.
1916 260 1971 303 77

194 371 282 416 lum
300 370 514 415 Alisonem
533 382 584 413 ac
602 367 796 413 Rhenum
815 368 938 412 novis
957 367 1159 411 limitibus
1178 367 1492 425 aggeribusque
1511 367 1761 424 permunita.
1794 366 1847 423 (8)
1867 366 1971 410 iam-

194 461 280 507 que
301 445 448 491 classis
468 445 716 498 advenerat,
748 458 846 488 cum
874 443 1111 501 praemisso
1141 450 1379 487 commeatu
1404 449 1445 486 et
1465 442 1697 486 distributis
1716 442 1760 484 in
1780 441 1970 499 legiones

193 536 243 568 ac
271 521 413 566 socios
443 520 621 565 navibus
651 520 827 570 fossam,
861 519 929 563 cui
958 519 1194 562 Drusianae
1226 532 1402 569 nomen,
1433 518 1652 576 ingressus
1686 523 1971 574 precatusque

190 599 375 642 Drusum
403 603 567 655 patrem
595 601 642 639 ιιι
670 609 718 640 se
748 595 901 640 eadem
929 608 1082 638 ausum
1110 593 1249 638 libens
1271 593 1550 652 placatusque
1577 592 1773 650 exemplo
1803 607 1854 636 ac
1882 606 1973 636 me-

190 673 325 717 moria
354 671 628 717 consiliorum
656 678 785 730 atque
816 684 996 729 operum
1024 670 1209 720 iuvaret,
1241 668 1358 713 lacus
1389 669 1489 712 inde
1521 676 1562 713 et
1583 669 1805 713 Oceanum
1833 679 2005 725 usques

189 748 244 793 ad
265 748 467 792 Amisiam
486 747 645 791 flumen
665 746 856 791 secunda
875 745 1144 803 navigatione
1163 744 1422 802 pervehitur.
1455 744 1604 788 classis
1624 744 1807 787 Amisiae
1827 742 1974 787 relicta

188 824 311 869 laevo
348 837 492 876 amne,
531 830 803 880 erratumque
833 822 876 864 in
906 835 960 865 eo
989 820 1107 878 quod
1136 834 1222 863 non
1252 820 1448 864 subvexit
1479 818 1767 878 [transposuit]
1798 818 1973 862 militem

189 900 361 944 dextras
391 900 434 942 in
463 906 597 943 terras
627 899 801 942 iturum:
844 897 903 940 ita
940 895 1086 953 plures
1115 895 1209 939 dies
1246 895 1481 940 efficiendis
1510 895 1711 953 pontibus
1747 893 1972 951 absumpti.

190 982 233 1020 et
261 989 397 1034 eques
426 974 602 1033 quidem
630 988 681 1018 ac
709 973 900 1031 legiones
922 972 1059 1029 prima
1078 971 1307 1022 aestuaria,
1339 971 1530 1015 nondum
1549 970 1827 1015 adcrescente
1846 969 1972 1021 unda,
1999 953 2005 962 ’

189 1050 388 1109 intrepidi
417 1051 643 1094 transiere:
674 1055 937 1107 postremum
967 1047 1220 1091 auxiliorum
1245 1061 1398 1105 agmen
1426 1047 1658 1107 Batavique
1688 1047 1730 1090 in
1760 1052 1878 1103 parte
1909 1058 1972 1096 ea,
1989 1058 2025 1087 ιο

190 1126 294 1171 dum
321 1125 522 1170 insultant
549 1125 673 1184 aquis
704 1131 925 1182 artemque
953 1123 1081 1167 nandi
1115 1129 1343 1176 ostentant,
1375 1123 1529 1167 turbati
1560 1129 1602 1167 et
1632 1121 1808 1180 quidam
1837 1120 1974 1164 hausti

191 1208 302 1246 sunt.
346 1202 521 1246 metanti
564 1207 702 1246 castra
732 1199 903 1245 Caesari
933 1199 1277 1257 Angrivariorum
1316 1198 1499 1243 defectio
1530 1212 1555 1242 a
1585 1204 1704 1256 tergo
1742 1197 1973 1240 nuntiatur:

233 1310 265 1343 6.
290 1309 461 1343 amissiam
482 1309 516 1343 M
540 1326 577 1333 —
601 1308 744 1342 Amisiae
766 1307 895 1342 delevit
916 1306 1131 1350 Nipperdey.
1158 1325 1195 1331 —
1219 1307 1252 1340 7.
1276 1316 1342 1340 non
1364 1306 1519 1340 subveoeit
1530 1307 1666 1340 militem
1681 1307 1883 1340 Ernestius:
1908 1316 1975 1339 non

187 1367 351 1401 subuexit.
375 1366 578 1408 transposuit
597 1367 734 1399 militem
755 1367 808 1406 M3
832 1375 899 1398 non
920 1364 1094 1407 [subvexit]
1118 1365 1320 1405 transposuit
1342 1363 1497 1407 (classis)
1512 1364 1649 1396 militem
1662 1363 1886 1406 Nipperdey;
1909 1372 1975 1396 nem

186 1423 340 1457 subvexit
363 1427 424 1456 aut
445 1424 653 1465 transposuit
672 1423 809 1456 militem
822 1422 1016 1456 Wurmius.
1041 1439 1072 1445 -
1100 1422 1152 1455 ⁴2.
1177 1421 1453 1464 angriuoriorum
1475 1422 1524 1462 M3
1549 1420 1836 1463 Ampsivariorum
1859 1421 1915 1454 W.
1936 1420 1972 1453 E.

189 1480 334 1513 Giefers.

188 1554 375 1597 naviqavit.
414 1554 479 1587 Dio
510 1552 572 1595 54,
605 1554 666 1587 32:
706 1552 747 1594 ἐς
775 1551 843 1586 τὸν
872 1548 1059 1585 Ὠκεανὸν

189 1602 253 1638 διὰ
268 1602 337 1637 τοῦ
354 1600 489 1647 Ῥήνου
504 1600 773 1644 καταπλεύσας
790 1603 946 1645 (Drusus)
969 1600 1059 1644 τούς

192 1665 234 1688 τε
257 1654 456 1701 Φρεισίους
478 1653 700 1698 ᾠκειώσατο
722 1654 787 1686 καὶ
810 1653 850 1694 ἐς
871 1650 942 1696 τὴν
957 1652 1060 1686 Χαυ-

190 1704 278 1739 neda
294 1701 358 1738 διὰ
368 1703 437 1748 τῆς
448 1703 585 1749 λίμνης
596 1703 775 1748 ἐμβαλών
787 1701 1057 1737 ἐκινδύνευσεν.

194 1756 247 1790 Cf.
272 1755 398 1789 Strabo
422 1756 455 1796 7,
489 1756 520 1795 4,
549 1756 581 1788 3.
617 1772 654 1779 ·-
687 1754 1058 1796 ιασυε--ρσνυοὴίιυν]

193 1806 245 1839 Cf.
271 1807 303 1846 4,
329 1806 390 1838 6οε
416 1808 577 1846 quattuor
597 1806 738 1848 legiones
755 1814 819 1846 per
841 1805 934 1837 lacus
955 1805 1058 1837 vexit.

193 1857 237 1889 At
258 1855 363 1888 bodie
385 1864 477 1889 unus
500 1857 570 1896 est,
597 1856 692 1898 quod
715 1864 814 1889 mare
830 1853 1059 1888 meridionale

194 1905 382 1949 appellant.
408 1907 622 1949 Pomponius
636 1906 726 1940 Mela
748 1907 780 1947 3,
805 1906 845 1939 2:
871 1906 1061 1938 Rhenus--

195 1957 266 1990 iam
286 1965 355 1990 non
376 1958 501 1998 amnis,
525 1959 581 1990 sed
597 1958 711 2000 ingens
725 1958 834 1998 law,
857 1957 913 1989 ubi
927 1965 1063 1997 campos

191 2008 353 2049 implevit,
379 2008 478 2041 Fleuo
493 2005 627 2042 dieitur.
647 2026 683 2032 -
700 2008 854 2050 Amisiae]
878 2009 1062 2049 Nusquam

193 2057 288 2100 apud
304 2058 463 2091 Tacitum
479 2059 577 2092 vicus
592 2057 649 2092 vel
664 2059 786 2092 civitas
800 2059 929 2092 Amisia
943 2066 1061 2099 neque

193 2108 289 2151 apud
322 2106 430 2141 alium
463 2116 586 2142 rerum
623 2110 836 2151 scriptorem
869 2109 1060 2150 reperitur,

192 2159 299 2200 atque
322 2159 465 2191 nostrae
486 2159 610 2192 aetatis
626 2158 714 2192 urbs
727 2159 855 2192 Emden
869 2157 914 2191 ab
930 2157 1061 2191 Amisia

192 2207 298 2251 (Em)
322 2207 495 2250 appellata
518 2217 590 2242 non
612 2209 648 2242 in
670 2207 772 2242 laevo
796 2217 920 2250 amne,
946 2207 1062 2241 sedin

193 2257 317 2291 dextra
348 2259 436 2300 ripa.
482 2257 560 2291 vid.
587 2259 624 2299 4,
662 2259 716 2292 60.
749 2258 802 2292 63.
834 2259 888 2292 70.
930 2258 970 2298 2,
1005 2257 1060 2289 23.

194 2307 303 2341 Fluvii
326 2316 457 2343 nomen
478 2307 642 2342 Straboni
665 2309 698 2349 7,
723 2310 755 2349 4,
781 2308 801 2341 3
825 2304 848 2341 ὁ
867 2303 1061 2351 Ἀμασίας,

193 2359 280 2391 item
295 2356 497 2391 Ptolemaeo
512 2359 546 2395 2.
564 2360 617 2399 44,
635 2360 649 2391 4
671 2354 854 2402 Ἀμασίου
871 2355 1060 2401 ποταμοῦ.

194 2406 296 2449 Apud
318 2406 446 2441 Melam
461 2408 494 2448 3,
519 2408 540 2441 3
563 2410 599 2441 et
622 2404 768 2442 Plinium
785 2410 826 2442 N.
844 2408 888 2441 H.
904 2408 937 2448 4,
963 2408 982 2450 ἓ
999 2407 1062 2440 400

193 2456 348 2490 Amisius.
395 2458 533 2491 Tacitus
567 2466 712 2501 semper
741 2458 881 2491 Amisia.
927 2459 966 2490 In
996 2457 1063 2490 alia

194 2506 337 2548 regione
369 2505 432 2540 fuit
450 2503 632 2551 Ἀμάσεια
659 2509 779 2549 vicus,
812 2516 923 2550 quem
944 2506 1062 2541 Ptole-

195 2564 320 2601 maeus
354 2556 394 2597 2,
429 2557 483 2598 44,
519 2558 561 2591 27
595 2567 707 2601 prope
741 2557 948 2591 Μουνίτιον
981 2565 1062 2590 esse

195 2605 371 2648 perhibet.
410 2607 533 2649 Itaque
563 2608 694 2642 Amisia
725 2609 831 2641 etiam
859 2607 928 2640 hoc
957 2606 1064 2639 Taciti

195 2655 273 2689 loco
302 2664 368 2698 pro
399 2655 506 2690 fluvio
536 2657 742 2700 accipienda
766 2659 830 2691 est.
862 2658 996 2690 Rirrmi.
1024 2674 1060 2681 —

194 2706 289 2739 laevo
311 2705 418 2748 anme]
450 2707 486 2740 in
509 2716 552 2741 ea
582 2708 678 2750 ripa,
711 2717 804 2750 quae
833 2707 879 2740 ad
901 2707 1063 2740 Rhenum

196 2758 232 2789 et
253 2755 405 2790 insulam
428 2757 641 2791 Batavorum
671 2759 827 2801 spectat,
858 2759 898 2790 ut
925 2758 1065 2790 dextrae

196 2809 307 2840 terrae
328 2807 363 2839 in
386 2806 510 2840 dextra
525 2809 678 2842 Amisiae
701 2809 776 2851 ripa
799 2809 892 2841 inter
913 2808 1006 2840 banc
1029 2808 1065 2840 et

196 2857 383 2898 Visurgim.
411 2874 447 2881 —
479 2861 695 2900 matwnque
722 2859 758 2891 in
788 2867 843 2899 eo,
878 2859 966 2899 quod
997 2866 1064 2890 non

196 2905 348 2939 subveoeit
369 2907 452 2948 cet]
482 2908 597 2942 Locus
626 2909 748 2950 utique
776 2907 907 2941 scaber
928 2909 993 2941 est.
1030 2908 1065 2940 Si

198 2957 402 2997 transposuit
423 2956 523 2991 tollas
537 2983 545 2999 ,
569 2959 688 2992 omnia
710 2957 814 3001 plana
840 2958 919 2991 sint.
958 2958 1065 2991 Error

198 3005 262 3039 fuit
292 3007 327 3038 et
355 3009 544 3049 peccatum
573 3008 608 3041 in
633 3017 676 3042 eo
699 3007 796 3050 quod
823 3007 971 3041 militem
993 3015 1064 3040 non

198 3055 335 3097 longius
358 3056 520 3090 subvexit
541 3058 576 3091 in
598 3058 762 3099 flumine,
786 3059 826 3091 ut
848 3067 931 3091 eum
947 3058 1064 3090 statim

199 3106 235 3138 in
250 3105 383 3139 dextris
399 3115 578 3149 exponere
592 3110 714 3150 posset
727 3116 795 3141 nec
810 3116 900 3150 opus
915 3106 1066 3139 haberet

199 3154 378 3198 pontibus.
402 3156 484 3190 Em«.
530 3157 584 3190 Ad
605 3166 732 3191 vocem
752 3157 944 3198 subvehere,
969 3151 1065 3189 ἀνά-

199 3213 291 3248 γειν,
327 3204 478 3239 adverso
511 3206 657 3240 flumine
691 3207 841 3251 vehere,
877 3207 921 3239 cf.
946 3214 977 3239 c.
1001 3206 1063 3238 60:

200 3255 277 3288 Nilo
304 3254 553 3289 subvehebatur.
586 3258 729 3290 sueton.
762 3255 868 3298 Calig.
895 3256 956 3289 ⁴5:
989 3256 1066 3288 inde

205 3304 322 3344 (Ostia)
357 3306 497 3345 Romam
534 3306 639 3339 Tiberi
673 3306 852 3339 subvectos.
897 3305 1066 3346 Pourquoi

205 3352 419 3391 Germanicus
430 3365 473 3389 ne
483 3356 734 3398 de‘barqua-t-il
746 3365 806 3389 sur
818 3356 855 3389 la
863 3355 936 3389 rive
947 3356 1064 3396 droita,

204 3400 248 3435 oio
268 3402 379 3439 dovait
400 3406 479 3449 nair
499 3414 559 3441 son
573 3407 708 3442 annea?
737 3406 839 3448 coit,
863 3413 941 3440 sans
954 3405 1064 3448 doute,

1102 1562 1209 1594 parce
1235 1554 1318 1594 qu'il
1347 1554 1405 1594 n'y
1426 1553 1577 1586 trouvait
1598 1553 1694 1595 point
1717 1552 1852 1586 d'abord
1879 1551 1916 1584 ni
1938 1551 1977 1584 de

1108 1604 1231 1636 station
1260 1613 1349 1644 pour
1381 1613 1430 1636 ses
1461 1604 1614 1644 navires,
1650 1612 1774 1636 emmae
1802 1603 1826 1635 il
1855 1611 1895 1635 en
1923 1603 1977 1634 eat

1108 1657 1286 1686 rerwontre
1316 1654 1369 1686 s'il
1401 1655 1495 1686 avait
1527 1655 1678 1686 remonte
1707 1654 1738 1686 le
1767 1655 1874 1695 fleuve
1901 1652 1978 1692 plus

1108 1705 1200 1737 haut.
1219 1705 1386 1738 Bummmv.
1407 1723 1444 1728 -
1456 1704 1624 1746 pontibus]
1641 1705 1701 1736 aut
1714 1713 1779 1746 per
1795 1702 1976 1744 enallagen

1110 1754 1243 1787 dictum
1254 1780 1261 1794 ‚
1287 1756 1326 1787 ut
1342 1755 1436 1796 apud
1452 1755 1659 1788 Suetonium
1672 1754 1780 1796 fossae
1794 1754 1975 1792 Drusinae,

1110 1806 1171 1837 aut
1193 1805 1299 1837 etiam
1323 1806 1449 1847 pontes
1464 1813 1573 1847 super
1587 1805 1763 1837 aestuaria
1779 1805 1815 1836 et
1829 1802 1977 1846 paludes

1110 1854 1207 1895 facti,
1237 1856 1276 1887 ut
1298 1854 1413 1897 placet
1436 1854 1617 1896 Cluverio,
1642 1854 1707 1888 sed
1729 1853 1812 1887 illud
1836 1852 1974 1886 melius.

1111 1905 1166 1937 Sic
1189 1913 1220 1937 c.
1247 1905 1282 1937 44
1309 1908 1428 1946 pontes
1453 1906 1490 1937 in
1515 1906 1658 1947 Visurqi.
1694 1903 1842 1938 Plancus
1866 1902 1978 1946 (apud

1112 1955 1183 1988 Cic.
1200 1954 1247 1987 ad
1262 1955 1358 1988 Fam.
1376 1956 1431 1996 40,
1455 1955 1510 1996 23,
1535 1955 1568 1996 3)
1592 1955 1677 1988 dicit
1692 1963 1731 1988 se
1741 1957 1871 1996 pontes,
1899 1962 1979 1995 quos

1109 2005 1234 2047 fecerat
1254 2005 1290 2037 in
1304 2006 1422 2046 Isara,
1446 2006 1694 2048 interrupisse;
1719 2006 1824 2047 atque
1841 2005 1870 2037 is
1886 2012 1978 2036 unus

1111 2055 1174 2088 fuit
1194 2056 1272 2098 ipso
1295 2057 1388 2089 teste
1411 2056 1474 2098 Ep.
1501 2056 1555 2096 48,
1579 2056 1612 2089 4.
1644 2056 1724 2088 Eun.
1774 2054 1900 2094 Quidni
1930 2055 1979 2086 ta-

1111 2114 1195 2139 men
1238 2105 1471 2148 intelligamus
1516 2106 1561 2139 de
1606 2105 1767 2148 pluribus
1811 2103 1978 2147 pontibus

1111 2153 1361 2203 παραλλήλως
1392 2155 1545 2196 eflectis,
1580 2157 1620 2188 ut
1651 2157 1768 2188 tantus
1803 2154 1978 2187 exercitus

1112 2207 1262 2240 celerius
1293 2215 1402 2248 quam
1431 2215 1497 2249 per
1525 2215 1637 2239 unum
1665 2204 1978 2239 transduceretur?

1112 2258 1316 2299 Opportune
1332 2255 1546 2290 Doederlein
1562 2256 1664 2289 affert
1679 2256 1765 2289 Hirt.
1788 2254 1873 2288 Bell.
1892 2253 1976 2287 Gall.

1111 2307 1143 2347 8,
1170 2305 1234 2339 ⁴4:
1270 2307 1395 2340 Caesar
1418 2306 1574 2348 pontibus
1590 2307 1716 2348 palude
1738 2308 1908 2339 constrata
1930 2304 1978 2337 le-

1111 2356 1223 2398 9iones
1244 2357 1450 2390 transduvit.
1479 2374 1515 2380 -
1541 2355 1723 2398 aestuaria]
1749 2355 1977 2389 «Scolacium»

1112 2407 1189 2439 Vim
1206 2408 1304 2440 vocis
1320 2406 1472 2450 explicat
1487 2407 1560 2440 Liv.
1575 2407 1629 2447 40,
1645 2407 1685 2439 2:
1710 2410 1831 2448 stayna
1844 2406 1980 2447 irrigua

1113 2456 1256 2490 aestibus
1270 2457 1464 2498 maritimis,
1490 2457 1547 2490 hic
1562 2457 1660 2489 fluvii
1675 2456 1921 2490 exundatione.
1939 2472 1974 2478 —

1111 2507 1147 2539 in
1158 2510 1258 2548 parte
1270 2506 1321 2548 ea]
1346 2507 1381 2539 in
1403 2508 1583 2549 postremo
1601 2505 1808 2539 auxiliorum
1825 2504 1975 2547 agmine,

1112 2557 1234 2590 nonin
1248 2557 1432 2591 aestuariis
1454 2555 1530 2589 illis.
1547 2573 1584 2580 —
1601 2557 1711 2589 hausti
1731 2559 1818 2589 sunt.
1842 2554 1979 2589 metanti

1112 2607 1234 2648 castra]
1272 2605 1421 2640 Ricklefs
1459 2606 1585 2648 aliique
1623 2606 1681 2639 hic
1717 2605 1880 2639 lacunam
1913 2604 1978 2638 de-

1112 2656 1347 2699 prehendunt.
1383 2657 1426 2690 Et
1447 2656 1604 2699 profecto
1626 2657 1718 2689 inter
1741 2665 1797 2697 ea,
1825 2664 1916 2697 quae
1932 2655 1977 2687 de

1113 2707 1383 2749 transpositione
1414 2705 1564 2739 militum
1593 2706 1731 2739 Tacitus
1760 2706 1915 2739 narravit
1944 2706 1979 2738 et

1113 2765 1205 2798 quae
1228 2766 1323 2789 nunc
1346 2756 1391 2789 de
1414 2757 1611 2789 castrorum
1633 2756 1823 2789 metatione
1845 2755 1976 2797 incipit,

1112 2814 1261 2839 necesse
1284 2807 1339 2839 est
1361 2805 1467 2838 fuisse
1490 2804 1642 2847 plurium
1658 2805 1799 2839 dierum
1813 2806 1975 2848 spatium.

1113 2857 1296 2889 WAnrnsn.
1325 2873 1361 2879 —
1386 2855 1678 2897 Anyrivariorwn]
1703 2856 1839 2889 Nomen
1861 2853 1978 2895 vulga-

1114 2907 1190 2938 tum
1216 2906 1502 2947 Angrivariorum
1541 2905 1572 2938 si
1603 2906 1702 2938 recte
1740 2914 1779 2939 se
1815 2904 1974 2945 haberet,

1113 2956 1219 2989 sedes
1242 2956 1370 2988 horum
1390 2954 1436 2987 ad
1450 2955 1583 2988 flumen
1599 2955 1759 2988 Amisiam
1772 2956 1855 2988 tunc
1869 2954 1976 2987 fuisse

1114 3005 1334 3038 credendum
1346 3006 1458 3038 esset:
1477 3005 1607 3047 quippe
1619 3005 1784 3038 Romanis
1796 3003 1840 3036 ab
1847 3004 1977 3036 Amisia

1114 3055 1159 3088 ad
1173 3055 1350 3097 Visurgim
1365 3054 1592 3088 tendentibus
1615 3064 1638 3088 a
1659 3058 1752 3096 tergo
1774 3052 1902 3086 colunt.
1934 3054 1978 3086 At

1114 3114 1199 3138 vero
1222 3105 1415 3147 Angrivarii
1433 3106 1599 3147 Visurgim
1619 3107 1707 3139 inter
1728 3107 1760 3137 et
1771 3103 1879 3136 Albim
1893 3104 1976 3136 tunc

1114 3154 1337 3196 habitabant,
1361 3156 1400 3188 ut
1415 3154 1550 3188 clarum
1573 3164 1617 3187 ex
1640 3164 1671 3187 c.
1690 3154 1747 3187 ⁴9:
1772 3154 1860 3186 latus
1873 3162 1977 3186 unum

1111 3205 1306 3248 Anyrivarii
1321 3206 1390 3238 lato
1404 3214 1526 3248 aqyere
1539 3205 1740 3244 extulerant,
1763 3204 1799 3236 h.
1815 3212 1848 3236 e.
1864 3213 1975 3246 prope

1113 3255 1159 3288 ad
1171 3263 1314 3288 amnem
1327 3255 1473 3288 Alteram
1489 3254 1606 3297 (Aller)
1617 3253 1673 3286 vel
1687 3254 1820 3286 Liniam
1831 3254 1974 3296 (Leine).

1115 3305 1204 3338 Cum
1232 3304 1290 3338 illo
1313 3305 1420 3339 Taciti
1448 3303 1526 3337 loco
1556 3303 1730 3337 consentit
1753 3301 1975 3337 Ptolemaeus

1112 3355 1152 3396 2,
1177 3355 1237 3396 44,
1262 3355 1321 3388 46ε
1358 3351 1528 3397 (μεταξὺ)
1551 3350 1716 3392 Καύκων
1738 3350 1779 3386 δὲ
1800 3351 1875 3386 τῶν
1895 3362 1976 3396 μευ-

1113 3401 1232 3447 ζόνων
1262 3404 1328 3439 καὶ
1364 3402 1440 3438 τῶν
1472 3399 1660 3446 Σουήβων
1689 3398 1971 3452 Ἆγγριονάριοι.
