2254 3770
724 280 878 324 LIBER
906 279 975 322 III.
1021 278 1120 335 Cap.
1151 277 1219 321 43.
1249 277 1316 320 44.
1346 276 1414 321 45.

1865 272 1947 318 479

160 403 246 448 que
283 389 346 433 rei
385 388 582 446 publicae
622 401 725 431 cura
762 385 1001 438 maerebat;
1046 384 1163 427 multi
1204 383 1303 428 odio
1343 383 1634 442 praesentium
1672 387 1714 425 et
1749 380 1948 438 cupidine

131 464 401 512 ‚mutationis
442 463 531 507 suis
567 476 741 521 quoque
779 460 982 520 periculis
1020 459 1299 509 laetabantur,
1341 457 1704 516 increpabantque
1735 455 1949 500 Tiberium

160 539 277 598 quod
306 539 349 582 in
377 545 492 582 tanto
522 552 667 581 rerum
697 543 812 580 motu
842 535 994 580 libellis
1024 540 1322 579 accusatorum
1351 535 1585 578 insumeret
1605 546 1792 591 operam.
1824 545 1878 574 an
1908 537 1952 574 et

161 613 430 659 Sacrovirum
468 612 701 656 maiestatis
741 611 918 655 crimine
957 625 1081 654 reum
1117 610 1160 652 in
1201 615 1350 654 senatu
1387 609 1510 654 fore?
1550 609 1740 653 extitisse
1779 606 1952 651 tandem

161 690 286 739 viros,
318 688 391 746 qui
413 694 612 732 cruentas
633 686 836 745 epistulas
867 686 996 729 armis
1027 685 1301 737 cohiberent3
1332 685 1534 729 miseram
1561 698 1712 743 pacem
1743 682 1810 727 vel
1840 681 1984 726 bellos

162 766 272 808 bene
293 763 458 807 mutari.
489 769 604 807 tanto
626 762 846 820 inpensius
867 762 910 804 in
930 761 1203 805 securitatem
1225 761 1497 818 compositus,
1531 773 1673 818 neque
1693 759 1789 803 loco
1810 771 1953 816 neque

162 838 278 883 vultu
309 844 481 889 mutato,
514 837 591 882 sed
622 844 668 880 ut
697 837 867 880 solitum
898 850 975 894 per
1004 835 1099 879 illos
1120 835 1212 879 dies
1234 836 1332 893 egit,
1364 835 1584 880 altitudine
1605 834 1745 887 animi,
1778 848 1831 878 an
1852 847 1954 878 con-

164 921 333 973 pererat
363 913 531 957 modica
560 926 658 956 esse
689 920 732 956 et
760 911 941 969 vulgatis
971 911 1144 955 leviora.

278 990 359 1046 (45)
390 988 562 1032 Interim
592 987 719 1031 Silius
741 1002 838 1031 cum
869 986 1108 1044 legionibus
1135 986 1302 1030 duabus
1332 985 1539 1030 incedens
1568 985 1807 1043 praemissa
1836 984 1956 1028 auxi-

166 1066 257 1109 liari
302 1078 429 1108 manu
473 1070 609 1107 vastat
652 1064 951 1121 Sequanorum
987 1076 1139 1120 pagos,
1191 1062 1264 1120 qui
1305 1060 1455 1104 finium
1493 1061 1672 1105 extremi
1715 1067 1758 1105 et
1796 1059 1956 1104 Aeduis
1969 1072 2006 1103 ιο

167 1140 415 1184 contermini
453 1139 647 1197 sociique
687 1139 727 1181 in
765 1138 893 1182 armis
931 1144 1062 1181 erant.
1105 1151 1205 1180 mox
1240 1136 1594 1195 Augustodunum
1628 1136 1734 1194 petit
1769 1149 1956 1194 propero

166 1216 355 1273 agmine,
396 1213 654 1258 certantibus
689 1214 799 1257 inter
837 1227 884 1257 se
921 1212 1149 1271 signiferis,
1191 1212 1396 1256 fremente
1433 1214 1560 1256 etiam
1595 1211 1789 1270 gregario
1825 1211 1958 1255 milite
2007 1265 2010 1268 Δ

168 1305 221 1335 ne
251 1296 418 1334 suetam
446 1289 662 1347 requiem,
698 1302 753 1332 ne
782 1289 919 1346 spatia
948 1288 1134 1332 noctium
1165 1287 1458 1345 opperiretur:
1498 1287 1696 1332 viderent
1723 1287 1852 1331 modo
1883 1286 1960 1331 ad-

168 1380 317 1410 versos
339 1372 382 1409 et
401 1365 715 1423 aspicerentur3
749 1363 790 1407 id
812 1364 914 1407 satis
944 1363 997 1407 ad
1028 1363 1260 1407 victoriam.
1294 1362 1598 1407 duodecimum
1628 1362 1745 1421 apud
1773 1362 1960 1421 lapidem

172 1441 371 1486 Sacrovir
401 1440 639 1498 copiaeque
668 1438 912 1497 patentibus
941 1438 1047 1482 locis
1077 1452 1329 1496 apparuere.
1362 1439 1403 1481 in
1434 1438 1571 1482 fronte
1601 1445 1806 1483 statuerat
1828 1438 2010 1483 ferra-⁴5

169 1524 253 1567 tos,
286 1517 329 1559 in
359 1515 561 1559 cornibus
592 1514 809 1566 cobortes,
842 1528 868 1558 a
897 1520 1015 1572 tergo
1048 1528 1296 1558 semermos.
1341 1514 1435 1572 ipse
1465 1514 1575 1559 inter
1603 1514 1816 1573 primores
1846 1528 1960 1573 equo

171 1591 320 1650 insigni
351 1590 489 1640 adire,
521 1603 762 1634 memorare
792 1596 961 1633 veteres
993 1588 1207 1633 Gallorum
1237 1589 1393 1647 glorias
1424 1603 1625 1648 quaeque
1655 1590 1854 1634 Romanis
1885 1589 1962 1634 ad-

171 1679 294 1711 versa
320 1665 576 1719 intulissent3
616 1679 746 1723 quam
775 1664 934 1709 decora
969 1665 1202 1709 victoribus
1237 1664 1431 1717 libertaS,
1470 1671 1629 1724 quanto
1670 1665 1962 1710 intolerantior

236 1819 267 1851 4.
285 1815 436 1860 cupidine
453 1818 486 1851 M
503 1817 665 1859 (cupidine
682 1825 773 1850 corr.
792 1818 826 1850 M
841 1817 877 1850 et
888 1817 1020 1859 margo)
1039 1835 1074 1840 —
1094 1817 1126 1850 3.
1145 1826 1191 1850 an
1208 1819 1244 1860 .]
1261 1820 1474 1852 saerouirum
1496 1820 1748 1863 (superscripto
1764 1819 1810 1853 ab
1826 1820 1960 1853 recenti

171 1883 279 1908 manu
301 1875 346 1908 ad
369 1874 620 1917 compendium
644 1873 890 1916 explicandum
914 1874 953 1914 et)
987 1875 1038 1907 M:
1075 1875 1223 1916 margini
1247 1875 1465 1918 adscriptum
1497 1878 1550 1909 est
1574 1877 1698 1909 Iulium
1721 1885 1829 1918 prava
1855 1877 1960 1909 notae

171 1929 419 1973 explicatione;
445 1940 491 1963 an
512 1931 730 1963 Sacrovirum
751 1930 966 1972 Nipperdey.
993 1930 1043 1963 Cf.
1061 1939 1135 1963 var.
1153 1930 1233 1964 lect.
1254 1932 1286 1973 4,
1311 1931 1365 1965 34.
1386 1951 1422 1956 -
1440 1932 1472 1966 4.
1491 1933 1624 1967 emtisset
1646 1933 1721 1977 (sic)
1746 1933 1780 1967 M
1805 1933 1963 1975 (extitisse

171 1986 304 2028 margo)
325 2004 360 2010 -—
381 1986 433 2019 40.
459 1987 550 2020 eduis
572 1987 606 2021 M
625 2005 661 2009 —
688 1987 741 2019 45.
758 1986 868 2028 fronte
890 1986 1042 2029 Lipsius:
1067 1985 1176 2029 fronte
1198 1988 1231 2022 M
1258 2005 1294 2011 —
1320 1988 1373 2021 46.
1400 1997 1484 2034 equo
1506 1990 1552 2024 M.

171 2126 250 2151 mus
274 2125 356 2150 cum
372 2117 630 2159 Freinshemio,
654 2116 711 2151 vel
728 2119 935 2160 propterea,
961 2119 1042 2160 quia

171 2168 202 2201 si
224 2176 345 2201 rumor
368 2166 423 2200 ille
441 2167 637 2210 significare
653 2166 842 2209 voluisset,
869 2168 1043 2210 quasdam

171 2219 292 2250 tamen
314 2215 438 2250 fideles
461 2218 625 2251 Romanis
649 2219 841 2258 mansisse,
873 2217 968 2250 haud
991 2217 1043 2251 fa-

171 2266 237 2300 cile
261 2265 531 2308 intelligeretur,
557 2275 621 2300 cur
643 2266 746 2300 simul
762 2268 863 2300 LXIV
879 2277 947 2300 nec
969 2267 1044 2310 plu-

171 2325 230 2350 res
253 2326 319 2349 nec
343 2317 530 2359 pauciores
553 2316 725 2350 defecisse
750 2317 956 2350 nuntiasset.
990 2316 1041 2350 Cf.

172 2367 231 2407 44,
258 2367 319 2399 ⁴2:
350 2368 614 2407 quattuordecim
646 2367 739 2399 urbis
770 2367 920 2409 regiones
951 2367 974 2400 i.
1009 2376 1041 2400 e.

173 2425 310 2451 omnes.
335 2416 460 2450 Strabo
476 2417 514 2458 4,
538 2426 574 2460 p.
593 2418 655 2451 492
678 2417 837 2460 Lugduni
860 2426 959 2451 aram
977 2418 1045 2450 Au-

173 2469 275 2509 gusto
294 2468 508 2500 exstructam
523 2468 570 2499 ait
585 2477 605 2500 a
622 2468 803 2501 communi
819 2466 945 2501 Galliae
962 2476 1044 2501 cum

171 2516 397 2559 inscriptione
420 2517 477 2549 LX
499 2517 666 2558 gentium.
702 2517 880 2560 Appianus
904 2516 991 2551 Celt.
1009 2517 1042 2558 4,

170 2567 191 2600 2
209 2565 379 2610 ampliore
397 2574 546 2599 numero
561 2562 657 2610 ἔθνη
673 2564 901 2614 τετρακόσια
916 2567 952 2600 in
968 2566 1046 2600 Gal-

171 2615 226 2650 liis
247 2616 357 2659 ponit,
378 2613 509 2657 πόλεις
524 2612 618 2663 ὑπὲρ
634 2613 879 2658 ὀκτακοσίας.
901 2618 988 2650 L112s.
1005 2634 1042 2639 —

172 2666 289 2699 dubias
302 2666 491 2707 Hispanias]
511 2665 646 2700 scilicet
662 2666 837 2700 creditum
852 2667 922 2706 est;
948 2666 1044 2709 quod

172 2724 256 2749 cum
279 2716 452 2749 sententia
475 2715 630 2758 generali
653 2718 812 2750 iunctum
835 2716 986 2750 additur.
1005 2735 1041 2740 —

170 2766 208 2798 in
229 2765 357 2808 maius]
391 2767 601 2808 exaggerata
625 2767 661 2799 et
686 2766 832 2800 credita.
860 2784 896 2790 —
931 2766 1046 2800 libellis

171 2815 416 2857 accusatorum]
442 2815 492 2848 Cf.
510 2816 550 2856 2,
567 2816 621 2849 29.
643 2834 679 2839 —
705 2825 750 2849 an
768 2819 800 2849 et
814 2816 1042 2858 Sacrovirum]

172 2874 217 2898 an
248 2866 354 2898 etiam
384 2865 626 2907 Sacrovirum,
658 2867 698 2899 ut
719 2867 852 2899 Romae
874 2868 925 2899 tot
946 2875 1043 2907 reos,

173 2916 208 2948 et
231 2913 376 2956 quidem
398 2915 605 2948 innocentes
629 2916 711 2955 cet„
737 2916 954 2949 amarissima
978 2917 1044 2948 iro—

173 2965 243 2997 nia.
267 2982 302 2987 —
339 2963 511 3012 altitudine
542 2964 661 3006 animi]
693 2965 951 3008 impenetrabili
975 2966 1044 2999 dis-

173 3012 413 3054 simulatione,
448 3015 487 3046 ut
515 3013 602 3047 Hist.
627 3012 666 3054 4,
697 3014 751 3047 86.
791 3015 847 3048 Sic
877 3014 921 3048 de
951 3014 1043 3048 Sulla

174 3061 319 3097 consilia
347 3071 410 3096 sua
438 3063 484 3095 ita
514 3062 649 3096 celante
678 3065 713 3096 et
739 3063 877 3097 abditos
899 3066 1044 3097 tenente

174 3113 316 3146 intimos
332 3120 458 3145 seusus
473 3111 610 3145 Sallust.
623 3113 697 3154 lug.
716 3113 777 3145 95:
796 3114 842 3146 αα
855 3113 1045 3147 simulanda

174 3162 308 3204 neqotia
337 3161 476 3194 altitudo
498 3161 623 3203 ingenii
643 3161 855 3194 incredibilis.
892 3163 948 3195 Sic
970 3161 1045 3202 βα-

175 3208 297 3254 θύτης
321 3210 444 3243 Cicero
468 3209 513 3242 ad
536 3211 604 3243 Att.
628 3209 665 3251 4,
692 3211 730 3251 6,
756 3211 787 3243 3.
813 3212 845 3251 ὅ,
872 3211 925 3251 40,
951 3211 985 3244 3.
1009 3212 1043 3252 6,

179 3257 211 3298 4,
234 3259 267 3292 2.
292 3259 353 3300 qui
374 3257 549 3291 vocabulo
570 3259 691 3291 Latino
707 3259 774 3291 hac
790 3258 1042 3300 significatione

178 3310 325 3350 propter
357 3307 625 3350 ambiguitatem
656 3307 835 3342 abstinuit.
861 3325 897 3332 —
928 3318 1044 3351 conpe-

178 3360 273 3390 rorat
286 3374 306 3383 -
317 3375 336 3382 -
351 3358 488 3401 leviora]
513 3359 765 3391 Hexametrum
786 3359 882 3392 hune
898 3367 1043 3393 versum

1093 2118 1250 2161 collegit;
1275 2120 1362 2153 item
1379 2120 1494 2162 Agric.
1513 2121 1574 2154 4οτ
1600 2121 1696 2156 litore
1718 2124 1887 2156 terrarum
1908 2130 1963 2156 ve-

1091 2169 1140 2202 lut
1161 2170 1196 2202 in
1218 2179 1358 2203 cuneum
1379 2173 1546 2204 tenuatur.

1135 2268 1190 2302 45.
1221 2269 1469 2313 Sequanorum]
1511 2271 1603 2303 inter
1636 2272 1796 2306 montem
1830 2273 1960 2315 Iuram,

1093 2327 1165 2361 quo
1199 2318 1244 2351 ab
1279 2318 1448 2353 Helvetiis
1482 2319 1706 2362 dividuntur,
1745 2324 1781 2355 et
1813 2322 1961 2356 fluvium

1093 2368 1242 2402 Ararim.
1271 2387 1308 2393 —-
1329 2370 1449 2412 finium
1471 2370 1623 2414 eoetremi]
1649 2370 1794 2412 Galliae,
1821 2373 1964 2406 Germa-

1094 2419 1173 2452 niae
1202 2419 1378 2461 superiori
1400 2420 1568 2462 proximi,
1601 2420 1696 2454 uude
1719 2421 1886 2455 veniebat
1908 2424 1962 2456 Si-

1094 2467 1171 2501 lius.
1200 2487 1236 2492 —
1267 2470 1303 2501 in
1323 2469 1444 2512 fronte]
1475 2470 1669 2512 Opponitur
1691 2480 1714 2503 a
1736 2475 1839 2514 tergo.
1877 2473 1964 2506 Sunt

1094 2520 1214 2551 tamen
1237 2519 1298 2560 qui
1321 2519 1451 2552 codicis
1473 2518 1662 2553 lectionem
1684 2521 1719 2553 in
1740 2522 1882 2563 frontem
1898 2523 1963 2557 de-

1094 2566 1240 2601 fendant
1262 2567 1389 2601 collato
1412 2568 1491 2602 loco
1511 2568 1671 2603 dissimili
1686 2571 1726 2611 2,
1745 2572 1805 2604 46:
1829 2575 1867 2605 ut
1881 2573 1963 2606 ordo

1094 2618 1237 2659 agminis
1257 2618 1293 2650 in
1309 2618 1415 2651 aciem
1430 2619 1613 2652 adsisteret.
1628 2636 1665 2643 —
1682 2622 1868 2664 semermos]
1886 2631 1960 2663 eos,

1094 2667 1154 2709 qui
1187 2667 1370 2700 dumtaxat
1403 2667 1586 2702 venabulis
1621 2670 1657 2702 et
1687 2669 1807 2704 cultris
1835 2672 1961 2705 armati

1095 2718 1195 2750 erant
1218 2717 1261 2759 (e.
1287 2717 1356 2758 43).
1385 2736 1421 2742 -
1457 2718 1544 2751 inter
1568 2719 1752 2762 primores]
1781 2721 1818 2754 in
1847 2722 1961 2764 prima

1093 2767 1188 2807 acie,
1214 2767 1387 2809 imprimis
1410 2768 1502 2800 inter
1518 2767 1668 2802 ferratos
1684 2768 1771 2803 illos.
1793 2788 1828 2794 -
1854 2771 1960 2813 adire]

1093 2815 1270 2858 appellare
1294 2817 1400 2858 atque
1425 2817 1603 2850 exhortari
1625 2817 1798 2861 singulos,
1822 2822 1861 2853 ut
1879 2821 1961 2854 fecit

1093 2866 1268 2899 Arminius
1284 2867 1321 2906 2,
1339 2866 1394 2899 45.
1414 2884 1450 2890 —
1467 2866 1604 2909 alerias]
1624 2866 1774 2909 gloriosa
1790 2869 1957 2903 facinora.

1094 2915 1145 2948 Cf.
1172 2914 1309 2948 Sallust.
1334 2916 1407 2957 lug.
1432 2915 1469 2949 44
1488 2925 1495 2948 z
1515 2925 1617 2957 penes
1631 2919 1758 2951 eosdem
1773 2920 1957 2960 aerarium,

1088 2965 1299 3006 provinciae,
1323 2965 1557 3007 maqistratus,
1587 2967 1718 3008 alm-iao
1738 2969 1961 3011 triumphique

1092 3017 1200 3048 erant.
1236 3014 1331 3047 Titus
1355 3014 1546 3050 Castricius
1569 3016 1664 3059 apud
1687 3016 1834 3051 Gellium
1857 3019 1897 3051 N.
1914 3019 1955 3052 A.

1092 3065 1130 3103 2,
1163 3063 1217 3103 27,
1242 3063 1279 3095 5:
1316 3067 1455 3105 quaestu
1482 3068 1513 3098 et
1541 3067 1731 3107 compendio
1756 3067 1955 3109 yloriarum.

1093 3111 1256 3146 Similiter
1276 3112 1436 3155 infamias
1456 3115 1545 3148 Ann.
1570 3114 1608 3156 4,
1634 3116 1687 3148 33.
1715 3135 1750 3140 —
1779 3117 1959 3151 intoleran—

1092 3162 1168 3204 tior]
1190 3162 1214 3195 i.
1240 3171 1271 3196 e.
1296 3164 1413 3197 minus
1436 3163 1636 3204 toleranda,
1668 3167 1707 3197 ut
1730 3166 1782 3205 44,
1809 3167 1868 3199 4οε
1900 3176 1959 3201 re-

1091 3213 1242 3255 greditur
1274 3213 1389 3255 ingens
1421 3214 1532 3256 gloria
1564 3219 1663 3255 atque
1697 3223 1733 3247 eo
1760 3215 1905 3257 ferocior
1925 3221 1957 3251 et

1091 3262 1240 3295 subiectis
1259 3263 1502 3296 intolerantior.
1526 3264 1674 3297 Laevius
1697 3264 1791 3306 apud
1807 3264 1955 3300 Gellium

1091 3312 1132 3345 N.
1157 3313 1197 3345 A.
1223 3313 1277 3353 49,
1302 3314 1334 3354 7,
1363 3313 1423 3346 40;
1459 3314 1549 3346 euris
1576 3313 1835 3348 intolerantibus.
1873 3316 1956 3359 Ipse

1092 3359 1219 3396 Gellius
1243 3361 1296 3403 43,
1321 3363 1360 3403 8,
1386 3363 1424 3396 ts:
1462 3362 1544 3396 nihil
1569 3362 1644 3405 fleri
1665 3370 1761 3403 posse
1785 3362 1955 3409 inmanius
2002 3370 2005 3372 ·

181 3403 312 3440 addere
340 3409 478 3450 poterat
507 3407 659 3443 Ritterus
689 3407 747 3451 ils,
783 3415 874 3451 quos
896 3408 942 3442 ad
966 3409 997 3451 4,
1023 3409 1037 3442 4
1087 3417 1193 3452 neque
1210 3410 1450 3445 intolerantius.
