2254 3770
702 273 860 319 LIBER
890 274 940 316 II.
985 273 1087 330 Cap.
1119 272 1186 318 74.
1219 273 1285 316 75.
1315 272 1383 316 76.
1415 272 1482 317 77.
1926 270 2000 314 434

206 381 480 428 centuriones
509 380 846 439 monebantque,
887 385 1086 438 prompta
1115 378 1174 422 illi
1204 378 1422 437 legionum
1452 378 1613 423 studia:
1660 383 1878 436 repeteret
1907 391 2008 436 pro-

205 457 386 502 vinciam
416 471 501 500 non
533 456 625 500 iure
656 456 839 500 ablatam
871 462 912 500 et
951 469 1144 500 vacuam.
1190 454 1318 513 igitur
1358 454 1460 513 quid
1499 454 1714 513 agendum
1753 452 2006 498 consultanti

205 533 377 578 M.'Piso
409 532 520 576 filius
547 531 871 590 properandum
899 531 941 574 in
972 530 1126 575 urbem
1162 530 1384 575 censebat:
1427 530 1530 575 nihil
1568 530 1709 575 adhuc
1749 529 2007 587 inexpiabile

205 607 461 658 admissum,
493 621 637 666 neque
669 607 939 665 suspiciones
970 605 1190 651 inbecillas
1212 610 1284 650 aut
1314 606 1454 650 inania
1483 606 1622 651 famae
1648 605 2006 665 pertimescenda.

208 683 468 728 discordiam
499 697 602 742 erga
633 683 932 727 Germanicum
955 681 1055 726 odio
1076 681 1257 726 sortasse
1278 681 1466 740 dignam,
1499 697 1582 726 non
1604 668 1767 740 poena;
1800 688 1842 726 et
1860 680 2039 725 adem-5

206 759 352 818 ptione
381 759 631 817 provinciae
652 758 754 802 satis
785 758 941 803 factum
970 757 1165 802 inimicis.
1213 756 1329 816 quod
1361 757 1397 800 si
1419 757 1737 815 regrederetur,
1771 757 2007 801 obsistente

204 834 349 879 Sentio
381 833 505 878 civile
536 833 696 878 bellum
726 834 877 892 incipi,
919 847 1001 878 nec
1032 833 1261 877 duraturos
1292 833 1333 876 in
1364 833 1557 891 partibus
1588 833 1862 878 centuriones
1898 832 2008 876 mili-

205 917 377 968 tesque,
411 916 514 968 aput
542 923 654 968 quos
685 923 839 955 recens
869 909 1141 967 imperatoris
1171 908 1238 952 sui
1269 909 1475 953 memoria
1506 915 1548 953 et
1577 909 1748 968 penitus
1777 908 1932 952 infixus
1963 908 2006 951 in

205 986 415 1030 Caesares
445 999 566 1030 amor
595 985 876 1044 praevaleret.
935 985 1015 1042 (77)
1048 990 1196 1029 contra
1225 985 1435 1028 Domitius
1468 984 1612 1036 Celer,
1653 998 1707 1028 ex
1736 984 1882 1028 intima
1912 984 2006 1028 eius

202 1061 408 1117 amicitia,
441 1059 668 1110 disseruit,
700 1059 909 1104 utendum
930 1067 1107 1104 eventu:
1139 1060 1353 1112 Pisonem,
1386 1074 1470 1104 non
1493 1059 1687 1104 Sentium
1707 1060 1859 1104 Suriae
1879 1068 2056 1117 prae-⁴0

201 1136 408 1195 positum;
438 1134 539 1179 huic
568 1135 707 1180 fasces
738 1142 780 1179 et
810 1136 876 1179 ius
906 1136 1135 1193 praetoris,
1169 1135 1269 1180 huic
1289 1135 1481 1193 legiones
1503 1135 1637 1180 datas.
1670 1135 1831 1194 siquid
1853 1134 2006 1179 hostile

202 1211 386 1268 ingruat,
419 1224 550 1270 quem
572 1211 725 1256 iustius
747 1225 866 1255 arma
886 1211 1203 1271 oppositurum,
1236 1224 1363 1269 quam
1392 1211 1466 1270 qui
1497 1210 1623 1269 legati
1648 1211 1944 1255 auctoritatem
1963 1216 2006 1254 et

201 1286 378 1345 propria
406 1285 605 1330 mandata
634 1287 879 1345 acceperit?
920 1285 1251 1346 relinquendum
1283 1287 1411 1331 etiam
1441 1286 1687 1331 rumoribus
1717 1293 1886 1346 tempus
1917 1300 2004 1345 quo
2073 1325 2075 1327 ,

202 1368 454 1407 senescant:
485 1361 744 1420 plerumque
774 1362 1024 1407 innocentes
1056 1362 1218 1407 recenti
1248 1362 1436 1407 invidiae
1467 1363 1669 1422 impares.
1721 1369 1764 1408 at
1792 1363 1827 1406 si
1863 1368 2006 1406 teneat

203 1438 453 1487 exercitum,
503 1444 656 1496 augeat
695 1437 826 1489 vires,
870 1437 1003 1482 multa
1042 1452 1155 1497 quae
1192 1437 1410 1495 provideri
1441 1452 1525 1482 non
1557 1438 1724 1497 possint
1758 1438 1930 1482 fortuito
1961 1438 2054 1482 in⁴5

202 1513 355 1558 melius
386 1527 552 1558 casura.
602 1527 680 1557 «an
711 1513 959 1558 festinamus
990 1527 1088 1558 cum
1118 1513 1358 1558 Germanici
1390 1513 1607 1558 cineribus
1627 1513 1864 1572 adpellere,
1896 1519 1942 1556 ut
1961 1519 2004 1557 te

203 1588 442 1633 inauditum
471 1594 515 1632 et
544 1588 814 1633 indefensum
842 1588 1036 1647 planctus
1057 1588 1316 1647 Agrippinae
1336 1602 1388 1634 ac
1416 1588 1570 1647 vulgus
1600 1589 1844 1648 imperitum
1864 1589 2003 1647 primo

201 1678 376 1709 rumore
407 1663 601 1722 rapiant?
633 1670 699 1708 est
726 1664 802 1708 tibi
823 1667 1039 1722 Augustae
1070 1664 1347 1716 conscientia,
1381 1671 1447 1709 est
1467 1665 1664 1709 Caesaris
1693 1664 1823 1716 favor,
1856 1665 1933 1708 sed
1960 1665 2003 1708 in

202 1739 390 1799 occult03
424 1746 467 1787 et
485 1739 653 1799 perisse
676 1739 977 1786 Germanicum
997 1739 1098 1784 nulli
1120 1740 1345 1785 iactantius
1364 1747 1560 1786 maerent
1575 1754 1706 1799 quam
1726 1740 1799 1799 qui
1820 1741 2003 1786 maxime

243 1885 277 1920 2.
301 1885 380 1928 non]
402 1895 464 1919 con
487 1886 521 1919 M
539 1904 574 1909 -
601 1886 655 1918 42.
674 1894 769 1926 quem
791 1886 843 1920 M:
870 1894 972 1927 quam
995 1886 1159 1920 Pichena.
1177 1904 1213 1910 —
1233 1895 1336 1928 quam
1359 1887 1513 1929 Lipsius:
1541 1895 1613 1920 om.
1633 1888 1667 1921 M
1690 1885 1805 1930 (arma
1819 1896 1856 1921 eo
1872 1888 2005 1929 opposi-

201 1946 334 1984 turum,
359 1942 419 1985 qui
440 1940 732 1983 Bezzenberger).
759 1941 811 1975 Cf.
829 1950 904 1975 var.
921 1941 1003 1976 lect.
1022 1943 1054 1984 4,
1081 1942 1134 1976 43.
1159 1943 1193 1984 6,
1217 1943 1250 1976 2.
1272 1942 1326 1984 44,
1351 1942 1406 1976 36.
1433 1943 1486 1985 46,
1507 1943 1560 1976 49.
1581 1961 1617 1967 -
1642 1943 1697 1976 43.
1721 1942 2004 1983 manllmandata

200 2000 235 2033 M
257 2017 302 2023 —
325 1999 379 2032 47.
401 1996 558 2040 primm-ii
581 2006 640 2032 ore
661 1998 709 2031 M.

199 2110 287 2145 Plin.
311 2111 401 2154 Epp.
427 2110 481 2151 40,
507 2110 543 2144 84
574 2110 637 2152 (85)
663 2110 702 2143 3:
727 2114 766 2143 ut
785 2111 969 2154 lonqiorem
992 2112 1079 2145 diem

201 2162 246 2194 ad
265 2161 496 2195 instruendam
519 2169 658 2193 causam
683 2161 810 2193 darem.

244 2213 299 2245 75.
323 2210 567 2254 gratantisque]
590 2212 695 2244 Amat
716 2211 809 2244 hanc
832 2210 982 2245 formam
1002 2212 1076 2246 fere

200 2263 378 2306 poeticam
401 2271 467 2305 pro
489 2262 662 2304 qratulari
684 2263 836 2295 Tacitus.
864 2262 952 2296 Vide
970 2263 1002 2304 6,
1020 2264 1075 2296 24.

202 2313 263 2354 42,
289 2313 322 2346 7.
347 2312 406 2353 44,
425 2312 457 2346 8.
483 2313 571 2346 Hist.
589 2313 622 2353 2,
644 2312 699 2346 29.
720 2331 756 2336 ——
781 2313 898 2355 feralis
918 2313 1079 2355 reliquias

199 2364 276 2396 sinu
296 2362 409 2405 ferret]
440 2362 491 2396 Cf.
517 2363 549 2403 3,
576 2363 614 2395 4:
646 2363 785 2406 feralem
806 2373 931 2397 urnam
954 2367 1075 2397 tenens.
1094 2384 1096 2387 ν

201 2412 406 2455 Propertius
430 2412 462 2453 4,
489 2412 542 2453 47,
569 2413 631 2445 42;
655 2412 706 2446 An
725 2415 851 2454 poteris
866 2431 915 2438 --
931 2413 1078 2455 Ossaque

200 2464 296 2496 nulla
318 2465 374 2495 tuo
396 2465 515 2495 nostra
537 2465 646 2496 tenere
671 2463 778 2496 sinu?
807 2464 946 2507 Inspice
971 2465 1076 2497 etiam

201 2511 474 2547 Winckelmann
501 2513 650 2547 Monam.
676 2517 746 2546 ant.
771 2513 859 2547 ined.
885 2523 919 2546 n.
947 2514 1019 2547 437.
1038 2531 1074 2537 -

202 2563 311 2596 anaeia
331 2562 394 2604 sui]
418 2561 504 2605 quid
527 2561 593 2595 sibi
617 2570 638 2594 a
656 2562 795 2596 Tiberio
818 2564 985 2606 Liviaque
1009 2565 1079 2597 im-

201 2612 389 2659 penderet.
423 2632 459 2637 —
494 2613 619 2654 infelici
649 2613 862 2656 fecunditate]
897 2615 979 2656 quia
1013 2624 1077 2657 pro

202 2672 266 2697 sex
288 2662 409 2697 liberis
433 2663 532 2706 patre
558 2662 747 2696 defensore
763 2664 967 2697 carentibus
990 2664 1080 2697 mul-

202 2712 376 2755 tiplicatos
391 2713 463 2745 iam
480 2721 584 2746 casus
602 2721 760 2751 aversos,
787 2714 893 2746 etiam
910 2716 1076 2754 mortem,

202 2763 329 2795 timere
353 2761 521 2803 debebat.
552 2780 586 2787 -
613 2762 727 2804 00me
751 2762 856 2796 hodie
880 2763 1016 2806 Stinqo,
1041 2763 1077 2796 id

203 2814 258 2846 est
281 2812 320 2854 ἐς
341 2810 414 2855 τῆν
427 2811 505 2846 Κῶ.
525 2830 561 2836 -
583 2813 842 2855 intemperanter
863 2813 1007 2855 accepto]
1031 2813 1076 2846 ad

202 2863 319 2906 ipsum
342 2864 498 2904 primum
518 2863 679 2896 nuntium
696 2863 823 2905 gaudio
839 2863 1077 2897 immoderato

203 2911 400 2952 exsultans3
429 2913 614 2954 sequentia
638 2914 758 2946 autem
779 2922 884 2954 neque
905 2914 973 2955 ipse
994 2922 1079 2955 qau—

201 2963 294 2996 dium
315 2963 493 2996 moderans
514 2962 712 3005 significant
731 2972 814 2997 eum
831 2964 937 2997 etiam
950 2965 1076 3007 postea

203 3012 333 3046 eodem
365 3013 401 3046 in
430 3012 556 3055 gaudio
583 3014 799 3055 perstitisse;
838 3023 956 3056 neque
990 3022 1076 3047 vero

203 3065 258 3101 est
278 3061 528 3108 ταυτολογία,
560 3065 600 3096 ut
621 3063 811 3097 videbatur
832 3065 1008 3098 Ernestio.
1037 3081 1074 3087 —

202 3114 328 3148 luctum
342 3131 394 3138 --
410 3114 496 3148 laeto
524 3114 614 3147 cultu
640 3114 793 3156 mutavit]
828 3115 880 3147 De
903 3115 1000 3149 luctu
1023 3113 1077 3146 fe-

203 3165 380 3198 minarum
404 3164 499 3207 apud
522 3164 698 3197 Romanos
721 3163 865 3196 consule
889 3164 994 3205 Lipsii
1013 3164 1078 3196 Ex-

204 3222 350 3248 cursum
364 3215 398 3249 M
414 3216 449 3248 et
463 3214 662 3248 Beckerum
678 3214 795 3247 Gallus
810 3215 867 3253 111,
882 3223 916 3256 p.
927 3212 991 3246 284
1005 3222 1074 3255 sq.,

205 3263 266 3305 qui
289 3263 419 3297 docent
433 3265 572 3297 vestem
588 3261 776 3304 lugubrem
792 3263 915 3305 primis
932 3262 1077 3305 quidem

206 3312 427 3355 temporibus
450 3311 578 3357 pallam
602 3313 769 3353 atratam,
796 3312 933 3354 nigram
955 3312 1076 3353 fuisse,

208 3361 328 3393 contra
352 3361 419 3396 sub
442 3361 715 3406 imperatoribus
738 3360 874 3403 albam,
906 3362 945 3394 ut
966 3362 1078 3394 testa-

208 3411 267 3442 tur
298 3409 473 3448 Plutarch.
510 3412 666 3453 Quaestt.
696 3413 797 3446 Rom.
822 3411 876 3446 26.
920 3410 1020 3451 Quod
1048 3411 1076 3444 si

1126 2112 1185 2145 hic
1208 2120 1287 2145 mos
1309 2112 1409 2144 veste
1425 2110 1505 2144 alba
1524 2110 1666 2153 lugendi
1681 2112 1753 2145 iam
1767 2113 1851 2146 tunc
1867 2112 1912 2155 (a.
1927 2114 2002 2156 772)

1127 2162 1328 2203 obtinebat,
1361 2157 1427 2205 pro
1451 2162 1519 2195 hac
1541 2162 1705 2196 Plancina
1729 2164 1881 2206 sumpsit
1903 2173 2004 2197 ame-

1127 2213 1340 2254 thystinam,
1373 2212 1657 2254 hyacinthinam,
1689 2212 1887 2255 galbinam,
1914 2222 2003 2256 quos

1128 2262 1265 2296 colores
1295 2263 1379 2295 tunc
1409 2262 1537 2296 divites
1571 2262 1725 2296 feminae
1760 2263 2002 2298 sectabantur.

1126 2315 1315 2347 Praeterea
1340 2314 1486 2347 ornatus
1509 2314 1604 2355 auri,
1638 2323 1880 2357 gemmarum,
1906 2324 2004 2348 mar-

1127 2364 1319 2406 garitarum
1342 2363 1571 2405 significatur.

1172 2439 1226 2472 76.
1252 2438 1443 2482 adflueboent
1474 2438 1692 2481 centuriones]
1728 2449 1772 2473 ex
1805 2438 2004 2482 legionibus

1127 2490 1293 2532 Syriacis,
1313 2498 1332 2521 a
1349 2490 1474 2522 Pisone
1492 2489 1629 2522 dudum
1646 2491 1814 2532 corrupti.
1834 2490 1885 2524 Cf.
1900 2500 1931 2524 c.
1946 2492 2001 2524 55.

1130 2559 1167 2564 —
1186 2540 1388 2573 consultanti
1403 2558 1455 2566 --
1470 2539 1630 2582 censebat]
1651 2540 1674 2572 i.
1690 2548 1723 2582 q.
1736 2540 1922 2574 suadebat.
1949 2540 2002 2575 Cf.

1129 2591 1201 2624 Cic.
1227 2591 1272 2623 ad
1297 2589 1415 2623 Famil.
1441 2591 1473 2631 9,
1497 2591 1534 2631 2,
1560 2590 1600 2624 4:
1627 2591 1696 2623 Tibi
1717 2591 1822 2633 iqitur
1843 2593 1903 2625 hoc
1924 2601 2005 2625 cen·

1127 2650 1200 2674 seo:
1224 2642 1394 2674 latendum
1415 2641 1578 2682 tantisper
1598 2641 1728 2674 ibidem.
1756 2642 1902 2683 (Eadem
1917 2653 2003 2677 sen-

1127 2692 1235 2724 tentia
1259 2699 1367 2733 supra
1391 2690 1411 2732 S
1435 2690 1472 2723 2:
1501 2690 1570 2723 Tibi
1591 2691 1820 2726 idemconsilii
1834 2693 1888 2733 do,
1914 2694 2003 2734 quod

1126 2741 1272 2774 mihimet
1299 2742 1387 2781 ipsi:
1420 2743 1459 2772 ut
1490 2740 1632 2773 vitemus
1660 2741 1771 2773 oculos
1802 2742 2001 2785 hominum.)

1127 2791 1160 2832 9,
1186 2791 1218 2832 6,
1243 2791 1280 2823 3:
1307 2790 1404 2831 quasi
1427 2791 1607 2831 quicquam
1628 2792 1668 2824 de
1688 2795 1807 2824 nostra
1820 2793 1928 2825 salute
1943 2794 2001 2826 de-

1126 2843 1359 2881 crevissemus,
1385 2842 1474 2882 quod
1486 2850 1555 2873 non
1568 2841 1655 2874 idem
1667 2842 1737 2875 iltis
1750 2844 1999 2876 censuissemus.

1170 2910 1223 2943 77.
1253 2909 1306 2942 ius
1332 2908 1514 2950 praetoris]
1546 2909 1598 2942 Cf.
1630 2918 1661 2942 c.
1687 2910 1741 2943 56.
1776 2928 1813 2935 —
1841 2911 2001 2954 propria]

1125 2960 1241 2994 Pisoni
1270 2958 1332 2992 soli
1358 2960 1393 2992 et
1415 2959 1561 3001 quidem
1583 2961 1724 2993 secreto
1747 2960 1827 2994 data
1851 2961 1896 2994 ab
1920 2963 2001 3004 ipso

1125 3010 1283 3049 Tiberim
1302 3010 1520 3050 persentiche.
1548 3028 1584 3033 —
1608 3006 1894 3053 rapiantTNolim
1917 3020 2002 3054 pro-

1127 3062 1202 3104 prie
1233 3060 1395 3103 accipere
1423 3061 1562 3102 rapiant
1590 3062 1636 3094 ad
1662 3063 1879 3103 simplicium,
1910 3061 1974 3094 sed
1986 3071 1997 3095 :-

1128 3111 1298 3150 «faciant‚
1333 3111 1373 3143 ut
1405 3110 1611 3144 festinanter
1643 3121 1686 3145 ac
1719 3121 1831 3155 prope
1866 3112 2009 3145 indicta·

1126 3170 1232 3194 causa
1257 3160 1505 3194 condemneris
1524 3160 1580 3194 vel
1603 3160 1726 3195 ultimo
1749 3160 1920 3204 supplicio
1944 3162 1998 3195 af-

1126 3211 1298 3245 ficiendus
1321 3210 1377 3244 vel
1401 3211 1528 3245 saltem
1550 3213 1586 3245 in
1610 3211 1751 3244 exilium
1773 3211 1997 3254 pellendus.»

1129 3279 1165 3285 -
1182 3262 1353 3304 Augustae
1373 3262 1583 3305 conscientia]
1608 3263 1642 3295 te
1666 3261 1831 3294 mandata
1854 3271 1916 3295 sua
1938 3272 1998 3296 ex-

1127 3313 1289 3345 secutum
1320 3320 1413 3346 esse.
1447 3312 1499 3346 Cf.
1524 3320 1556 3345 c.
1581 3311 1634 3345 43.
1662 3328 1699 3334 —-
1728 3311 1920 3354 iactantius]
1949 3314 1995 3346 ita

1127 3362 1166 3394 ut
1196 3369 1321 3394 omnes
1352 3370 1478 3394 eorum
1508 3359 1711 3394 simulatum
1740 3369 1782 3394 ac
1804 3369 1915 3405 prope
1940 3363 1996 3395 ni-

1126 3411 1236 3445 mium
1260 3419 1462 3445 maerorem
1484 3408 1778 3444 animadvertant.
