2254 3770
251 270 339 317 ⁴02.
738 272 784 317 P.
815 271 1066 317 CORNELII
1095 272 1266 317 TACITI
1295 271 1564 317 ANNALIUM

249 376 410 422 brescit
438 378 583 424 vivere
612 378 862 437 Agrippam,
894 377 1072 423 occultis
1100 377 1286 437 primum
1315 377 1604 430 sermonibuS,
1648 383 1695 422 ut
1722 378 1850 422 vetita
1879 377 2028 430 solent,

249 467 350 498 mox
377 467 486 512 vago
525 467 698 498 rumore
728 459 831 512 aput
865 454 1153 512 inperitissimi
1184 453 1395 512 cuiusque
1424 459 1643 514 promptas
1673 467 1800 498 aures
1838 459 1911 497 aut
1938 468 2034 498 rur-

248 542 346 573 sum
376 534 478 587 aput
506 528 700 573 turbidos
730 542 872 587 eoque
902 543 1013 574 nova
1051 529 1285 588 cupientes.
1347 534 1475 587 atque
1511 520 1605 587 ipse
1641 528 1760 573 adire
1802 529 2034 588 municipia

249 603 436 649 obscuro
464 603 565 656 diei,
597 617 741 663 neque
767 604 991 663 propalam
1018 605 1152 664 aspici
1182 617 1324 663 neque
1347 603 1506 648 diutius
1526 603 1661 648 isdem
1683 603 1807 656 locis,
1833 604 1912 649 sed
1932 604 2034 664 quia

217 679 405 725 averitas
434 679 529 724 visu
559 685 602 724 et
629 693 767 731 mora,
799 679 903 724 falsa
933 680 1198 725 festinatione
1230 686 1272 724 et
1300 679 1473 724 incertis
1493 679 1732 730 valescunt,
1764 679 2036 739 relinquebat

247 755 403 799 famam
431 760 504 798 aut
536 754 853 813 praeveniebat.
914 755 996 813 (40)
1025 755 1280 813 vulgabatur
1319 754 1486 798 interim
1520 768 1599 813 per
1628 754 1791 799 Italiam
1819 761 2035 799 servatum

248 843 426 874 munere
456 829 587 874 deum
615 831 864 890 Agrippam,
904 830 1164 875 credebatur
1199 832 1380 884 Romae;
1418 830 1589 889 iamque
1621 830 1785 875 Ostiam
1821 831 2035 875 invectum

247 904 471 950 multitudo
501 906 667 964 ingens,
699 906 784 950 iam
813 907 856 950 in
885 906 994 951 urbe
1024 906 1274 951 clandestini
1296 911 1445 955 coetus
1465 905 1757 954 celebrabant.
1789 919 1888 949 cum
1907 906 2035 950 Tibe-

247 980 358 1025 rium
388 994 548 1039 anceps
580 995 683 1026 cura
712 980 969 1033 distrahere,
1009 982 1106 1025 vine
1135 981 1316 1025 militum
1345 995 1519 1026 servum
1556 995 1683 1026 suum
1724 985 1944 1026 coerceret
1979 995 2034 1025 an

199 1070 236 1101 ιο
249 1057 418 1100 inanem
439 1055 735 1102 credulitatem
754 1062 947 1115 tempore
968 1057 1061 1115 ipso
1082 1071 1318 1101 vanescere
1338 1056 1509 1101 sineret.
1551 1056 1681 1100 modo
1702 1055 1804 1100 nihil
1825 1070 2035 1115 spernen-

248 1132 351 1176 dum
380 1131 509 1176 modo
538 1146 623 1176 non
653 1132 796 1176 omnia
825 1132 1056 1177 metuenda
1085 1131 1310 1190 ambiguus
1340 1132 1518 1196 pudoris
1549 1145 1599 1176 ac
1627 1138 1767 1176 metus
1797 1131 2034 1191 reputabat.

247 1213 466 1266 postremo
496 1206 568 1251 dat
596 1207 813 1266 negotium
844 1207 1043 1252 Sallustio
1075 1208 1238 1266 Crispo.
1290 1207 1359 1252 ille
1389 1221 1414 1252 e
1445 1207 1671 1252 clientibus
1701 1207 1811 1251 duos
1847 1207 2036 1266 (quidam

247 1282 402 1327 milites
428 1282 560 1327 fuisse
592 1282 776 1340 tradunt)
800 1283 946 1341 deligit
976 1289 1104 1342 atque
1135 1283 1338 1333 hortatur,
1372 1282 1567 1327 simulata
1588 1283 1848 1327 conscientia
1868 1283 2034 1334 adeant,

249 1357 430 1402 offerant
457 1358 701 1416 pecuniam,
742 1357 872 1403 fidem
908 1365 1037 1417 atque
1074 1357 1268 1416 pericula
1304 1358 1599 1416 polliceantur.
1658 1365 1952 1417 exsequuntur
1992 1365 2039 1403 ut

200 1445 236 1477 ⁴⁵
249 1433 414 1477 iussum
444 1439 547 1478 erat.
597 1433 696 1478 dein
726 1433 934 1492 speculati
964 1439 1132 1478 noctem
1162 1433 1478 1484 incustoditam,
1511 1440 1686 1492 accepta
1714 1433 1871 1478 idonea
1896 1448 2036 1487 manu,

247 1508 436 1553 vinctum
472 1507 619 1553 clauso
648 1522 724 1552 ore
755 1509 797 1552 in
826 1508 1034 1553 Palatium
1062 1515 1244 1553 traxere.
1290 1510 1581 1567 percunctanti
1611 1509 1779 1553 Tiberio
1799 1523 1887 1568 quo
1907 1509 2037 1554 modo

184 1623 186 1625 .
247 1583 436 1642 Agrippa
465 1582 600 1628 factus
630 1590 761 1635 esset,
794 1584 1072 1642 respondisse
1102 1584 1234 1629 fertur
1268 1599 1380 1644 «quo
1410 1584 1539 1628 modo
1560 1591 1604 1628 tu
1626 1585 1824 1629 Caesar.»
1867 1591 1914 1629 ut
1933 1585 2038 1629 ede-

249 1665 315 1703 ret
343 1658 509 1708 socios,
546 1659 686 1717 subigi
718 1673 803 1703 non
832 1661 983 1718 potuit.
1040 1674 1122 1705 nec
1152 1659 1345 1705 Tiberius
1378 1674 1564 1719 poenam
1594 1660 1688 1704 eius
1716 1660 1858 1719 palam
1887 1675 2033 1714 ausus,

316 1788 348 1820 4.
371 1786 582 1819 sermonilius
604 1785 688 1829 (sic)
711 1787 746 1821 M
769 1786 990 1829 (sermonibus
1011 1787 1149 1830 margo)
1176 1806 1213 1812 -
1237 1788 1271 1821 2.
1295 1797 1405 1831 uaqor
1426 1797 1541 1821 umore
1565 1787 1640 1831 (sic)
1655 1789 1689 1823 M
1714 1807 1750 1812 —
1769 1792 1923 1830 promtus
1945 1789 1979 1823 M
1996 1808 2033 1814 —

249 1845 283 1877 ὅ.
306 1843 528 1885 testimatione
549 1843 583 1876 M
609 1861 645 1866 —
671 1843 704 1877 8.
729 1846 825 1876 catus
846 1844 897 1883 M3
925 1847 1013 1876 cetus
1035 1853 1169 1886 margo.
1198 1863 1234 1869 —-—
1260 1844 1291 1877 9.
1310 1854 1407 1878 suwm
1429 1844 1498 1878 del.
1516 1846 1686 1879 Muretus.
1707 1863 1743 1869 —-
1770 1846 1823 1879 ⁴0.
1848 1850 2039 1880 uanesceret

250 1900 284 1934 M
310 1917 346 1924 -
371 1900 602 1940 spernemdum
623 1900 657 1933 M
683 1917 719 1924 ·—
752 1900 805 1932 ⁴2.
830 1900 1000 1933 cibantibus
1021 1901 1055 1935 M
1078 1901 1258 1943 (clientibus
1279 1901 1412 1943 margo)
1433 1919 1469 1925 -
1495 1901 1548 1934 ⁴3.
1574 1902 1683 1944 diligit
1703 1910 1757 1944 pr.
1775 1903 1810 1936 M
1834 1920 1871 1926 -—
1897 1903 2039 1937 aderant

250 1956 285 1990 M
309 1973 345 1979 —
373 1956 427 1988 46.
449 1956 587 1999 finctum
608 1964 662 1999 pr.
687 1956 722 1990 M
746 1973 782 1979 -
811 1957 863 1989 ⁴7.
889 1957 1049 1998 quomodo
1072 1960 1109 1990 tu
1131 1957 1279 1990 Caesar?
1302 1957 1458 1991 distinxit
1479 1958 1600 1991 Ritter.
1619 1975 1653 1980 —
1682 1957 1734 1991 ⁴8.
1756 1967 1880 2000 penam
1900 1959 1947 1993 M.

250 2056 378 2089 similis.
407 2074 441 2079 -
466 2055 672 2097 relinquebat
692 2055 824 2097 famam
846 2059 905 2089 aut
922 2057 1121 2097 praevenio-

252 2106 319 2148 bat]
344 2107 440 2138 Haec
462 2106 657 2148 praeeunte
676 2106 792 2148 Lipsio
816 2106 866 2139 sic
889 2107 986 2139 recte
1011 2107 1121 2139 inter-

253 2157 411 2199 pretatus
434 2156 489 2188 est
511 2155 689 2189 Walther:
728 2157 797 2189 «Ita
818 2157 953 2190 versari
984 2156 1122 2190 solebat

251 2207 289 2241 in
313 2206 479 2239 omnibus
501 2205 605 2246 locis,
632 2208 670 2240 ut
685 2207 875 2249 municipia
891 2206 1118 2250 relinqueret,

253 2257 356 2290 simul
388 2265 430 2289 ac
457 2255 550 2289 fama
574 2257 619 2289 de
643 2265 682 2290 se
706 2258 822 2299 spargi
852 2256 900 2289 ibi
932 2258 1118 2300 coepisset,

254 2307 291 2341 et
313 2308 348 2340 in
371 2306 438 2340 alia
461 2308 642 2348 transiret,
675 2309 867 2350 antequam
896 2307 988 2342 fama
1013 2308 1057 2341 de
1081 2317 1120 2341 se

255 2366 298 2391 eo
320 2357 574 2399 pervenisset.»

297 2407 351 2442 40.
382 2407 601 2451 celebrabant]
635 2406 772 2450 Duplici
802 2417 911 2442 sensu
941 2408 1121 2451 accipien-

254 2458 359 2492 dum:
395 2458 570 2491 multitudo
602 2459 769 2492 Ostiensis
801 2458 1021 2505 Clementem
1050 2458 1122 2492 fre-

255 2509 399 2552 quentia
415 2510 451 2542 et
466 2509 700 2551 occursando,
718 2510 930 2551 comitando,
948 2509 1121 2552 cingendo

256 2559 477 2601 celebrabat,
509 2563 618 2593 coetus
640 2569 725 2593 vero
750 2559 874 2592 urbani
897 2560 1122 2593 sermonibus

256 2612 292 2644 et
314 2609 468 2644 consiliis
482 2610 528 2643 ad
545 2619 628 2643 eum
644 2610 913 2652 pertinentibus.
939 2613 1011 2644 Nec
1027 2611 1123 2644 enim

255 2663 370 2704 ipsam
392 2659 521 2693 urbem
544 2660 707 2693 introisse
723 2660 905 2693 hominem
920 2661 994 2693 veri
1010 2659 1122 2693 simile

257 2712 322 2745 est.
349 2711 457 2743 Dono.
504 2710 611 2742 Recta
634 2710 752 2742 tamen
784 2710 817 2742 in
842 2709 1011 2743 Palatium
1039 2719 1123 2752 per-

257 2761 390 2794 tractus
415 2768 494 2793 esse
516 2760 670 2793 videtur.
705 2759 756 2793 Cf.
774 2760 806 2799 5,
835 2760 891 2792 ⁴0:
916 2760 986 2793 iam
1007 2760 1124 2793 iuven-

256 2812 336 2845 tutis
356 2818 537 2851 concursu,
569 2810 639 2843 iam
665 2810 806 2851 publicis
834 2810 950 2843 studiis
969 2811 1125 2852 frequen-

259 2863 395 2895 tabatur
432 2861 659 2904 (personatus
697 2861 863 2901 Drusus).
907 2880 950 2885 —
994 2870 1126 2894 servum

257 2911 364 2954 suum]
396 2911 528 2953 quippe
552 2911 612 2953 qui
640 2910 763 2943 fuisset
789 2919 913 2944 servus
936 2912 1123 2953 Agrippae,

259 2962 359 2995 cuius
389 2961 555 2993 universa
586 2960 762 2993 hereditas
793 2960 837 2993 ad
860 2960 1038 2994 Tiberium
1060 2970 1125 2993 ve-

260 3013 371 3046 nerat.
400 3028 436 3034 —
461 3010 617 3044 Sallustio
641 3011 769 3052 Crispo]
801 3010 851 3044 Cf.
877 3011 910 3052 3,
936 3011 990 3044 30.
1017 3029 1053 3035 -
1078 3012 1126 3044 si—

259 3063 389 3096 mulata
411 3061 621 3102 conscientia]
644 3060 818 3103 fingentes
842 3069 880 3094 se
904 3063 1063 3094 conscios
1083 3071 1125 3094 ac

260 3114 452 3157 participes
486 3120 630 3152 eorum,
667 3112 726 3154 qui
760 3112 830 3145 iam
864 3112 1002 3154 pridem
1037 3112 1126 3146 illius

261 3165 454 3197 adventum
486 3162 639 3205 optarint
669 3163 705 3195 et
727 3164 981 3204 exspectarint,
1017 3162 1127 3196 adeo-

263 3223 332 3256 que
345 3213 613 3255 conspirationis
629 3220 693 3254 pro
706 3213 845 3244 servato
858 3220 1005 3245 munere
1019 3212 1126 3245 deum

262 3265 414 3306 Agrippa
437 3264 570 3304 factae,
596 3264 632 3296 et
646 3261 735 3296 velle
751 3263 846 3295 omni
862 3262 968 3295 modo
984 3263 1128 3303 Augusti

264 3314 473 3354 sanguinem
495 3313 667 3346 adversus
696 3312 857 3345 inimicos
886 3311 988 3344 tueri.
1022 3312 1125 3343 Gnon.

268 3381 304 3387 -
327 3364 478 3404 pericula
504 3362 734 3406 polliceantur]
770 3363 792 3395 i'.
819 3370 851 3395 e.
878 3361 1129 3404 «polliceantur

265 3420 345 3446 sese
374 3421 519 3455 prorsus
545 3414 689 3456 paratos
712 3420 792 3446 esse
815 3411 860 3445 ad
884 3411 1010 3445 eadem
1031 3412 1128 3454 peri-

1171 2057 1247 2091 cula
1263 2057 1354 2091 ultro
1367 2057 1565 2099 subeunda,
1584 2066 1675 2101 quae
1692 2058 1758 2101 ipsi
1774 2059 2036 2092 imminerent..

1170 2126 1213 2132 —
1236 2117 1301 2151 quo
1322 2109 1419 2141 modo
1442 2111 1478 2141 tu
1494 2108 1627 2151 Cacsar]
1652 2108 1689 2141 id
1712 2110 1783 2148 est,
1810 2118 1943 2151 uaeque
1968 2110 2038 2143 im-

1171 2159 1296 2191 merito
1320 2168 1362 2192 ac
1385 2167 1450 2201 per
1472 2167 1608 2191 meram
1635 2158 1831 2192 fraudem..
1878 2160 2038 2202 Respon-

1170 2217 1250 2241 sum
1273 2210 1328 2241 est
1352 2209 1492 2241 iamiam
1515 2208 1559 2241 de
1583 2209 1651 2241 vita
1675 2208 1908 2251 desperantis.
1948 2208 2037 2243 Male

1171 2257 1326 2291 nonnulli
1349 2258 1438 2291 haec
1458 2257 1568 2291 verba
1590 2267 1655 2300 pro
1678 2259 1948 2301 interrogatione
1971 2259 2039 2291 ha-

1170 2308 1274 2348 bent;
1310 2310 1430 2342 nostra
1453 2309 1548 2341 enim
1572 2309 1706 2342 ratione
1730 2309 1843 2342 irrisio
1866 2309 1905 2342 fit
1927 2308 2038 2343 multo

1171 2358 1350 2399 acerbior,
1386 2367 1428 2391 ac
1462 2357 1649 2392 nobiscum
1684 2358 1766 2393 facit
1794 2360 1858 2392 Dio
1888 2360 1942 2400 57,
1977 2359 2034 2392 ⁴6:

1170 2406 1333 2442 ἐπύθετο
1362 2404 1505 2449 αὐτοῦ,
1540 2406 1631 2450 Πῶς
1656 2404 1858 2455 Ἀγρίππας
1884 2408 2038 2454 estnon,-

1170 2459 1235 2492 καὶ
1259 2455 1303 2500 ὃς
1326 2455 1555 2506 ἀπεκρίνατο
1579 2454 1640 2493 ὅτι
1662 2455 1793 2502 Οὕτως
1820 2456 1873 2502 ὥς
1895 2460 1960 2494 καὶ
1984 2457 2036 2494 σὺ

1170 2509 1272 2543 Καῖσ
1326 2535 1333 2542 .

1215 2520 1419 2601 timuimus]
1463 2560 1513 2592 De
1552 2560 1620 2593 hoc
1657 2569 1743 2593 arcu
1775 2559 1855 2594 vide
1890 2559 2040 2603 Gottling

1174 2610 1355 2643 Thusnelda
1376 2618 1411 2652 p.
1437 2610 1468 2642 9.
1496 2627 1531 2633 —
1558 2611 1670 2643 aedem
1693 2611 1843 2653 Satumij
1867 2612 2041 2654 antiquis-

1174 2662 1301 2694 simam
1325 2661 1359 2692 in
1376 2660 1499 2692 octava
1516 2659 1614 2693 urbis
1630 2661 1773 2702 regione
1790 2661 1932 2702 imoque
1949 2660 2039 2694 clivo

1175 2709 1367 2753 Capitolino
1398 2711 1504 2752 atque
1536 2711 1649 2753 capite
1684 2710 1768 2749 fori,
1805 2710 1939 2744 ibidem
1962 2713 2041 2745 erat

1174 2761 1361 2794 aerarium.
1396 2761 1470 2793 Hac
1493 2760 1560 2794 sub
1584 2761 1672 2793 aede
1689 2760 1875 2794 miliarium
1891 2770 2040 2795 aureum

1174 2811 1291 2854 posuit
1312 2811 1499 2852 Augustus.
1534 2810 1585 2844 Cf.
1611 2811 1696 2844 Hist.
1716 2811 1747 2849 ⁴.
1773 2811 1827 2843 27.
1858 2829 1892 2836 ω-
1921 2811 1961 2843 ab
1983 2820 2040 2844 ro-

1174 2865 1268 2902 cepca
1288 2861 1399 2904 siqua]
1427 2860 1513 2894 Vide
1530 2862 1561 2901 4,
1588 2861 1640 2894 60.
1666 2862 1698 2901 2,
1724 2861 1778 2894 25.
1812 2862 1887 2894 Huc
1903 2863 2041 2904 spectat

1174 2920 1340 2945 nummus
1363 2912 1417 2944 sat
1439 2910 1584 2951 obvius,
1610 2911 1670 2952 qui
1691 2911 1773 2944 hinc
1793 2912 2040 2945 Germanicum

1175 2963 1210 2994 in
1233 2961 1410 3003 quadrigis
1432 2959 1721 3003 triumphalibus,
1747 2961 1885 2994 sinistra
1907 2961 2040 3003 scipio-

1177 3021 1260 3045 nem
1283 3021 1366 3045 cum
1388 3010 1505 3054 aquila
1527 3010 1732 3052 legionaria,
1765 3009 1857 3044 illinc
1885 3012 2038 3044 stantem

1174 3062 1397 3105 paludatum,
1423 3062 1562 3095 sinistra
1585 3069 1708 3094 rursus
1731 3060 1883 3102 aquilam
1896 3062 2038 3102 gestan-

1175 3114 1249 3146 tem
1265 3113 1371 3152 sistit,
1396 3111 1514 3144 addito
1531 3112 1567 3144 in
1581 3119 1679 3143 area:
1706 3111 1848 3144 SIGNIS
1866 3111 2037 3145 RECEPT.

1175 3161 1382 3196 DEVICTIS.
1408 3161 1540 3195 GERM.
1565 3161 1600 3194 S.
1626 3161 1660 3194 C.
1700 3159 1830 3194 Eckhel
1853 3161 1892 3194 D.
1918 3161 1958 3194 N.
1981 3162 2037 3194 Vl.

1176 3221 1211 3255 p.
1236 3212 1313 3246 209.
1356 3213 1408 3245 De
1431 3212 1548 3254 priore
1572 3211 1768 3244 Germanici
1791 3211 1969 3253 triumpho
1993 3211 2038 3245 cf.

1177 3262 1275 3296 ovid.
1302 3271 1345 3295 ex
1374 3263 1485 3295 Ponto
1512 3262 1551 3301 2,
1585 3261 1616 3293 4.
1650 3261 1769 3294 Onam..
1803 3278 1839 3285 —
1874 3260 2042 3293 auctu--

1178 3311 1353 3353 auspiciis]
1384 3311 1435 3345 Cf.
1460 3312 1578 3344 Horat.
1606 3311 1643 3344 C.
1670 3310 1702 3350 4,
1728 3309 1782 3349 ⁴4,
1806 3309 1860 3343 33.
1896 3310 2039 3344 sueton.

1177 3362 1298 3395 Octav.
1323 3362 1377 3394 2⁴.
1425 3360 1563 3394 Scilicet
1594 3362 1629 3393 et
1658 3361 1834 3402 Augustus
1865 3359 2041 3394 interdum

1178 3412 1325 3454 eiusque
1359 3410 1521 3454 exemplo
1554 3409 1712 3444 Tiberius
1744 3409 1825 3444 inde
1856 3418 1877 3443 a
1905 3411 2038 3453 princi-
