2254 3770
801 253 956 299 LIBER
985 252 1054 297 111.
1086 251 1186 310 Cap.
1218 252 1287 297 28.
1318 251 1386 298 29.
1910 250 1993 297 ⁴67

204 378 290 424 que
319 370 362 409 et
389 363 551 408 Italiam
581 368 624 406 et
651 360 768 420 quod
797 373 981 418 usquam
1007 358 1164 403 civium
1183 358 1487 417 corripuerant,
1520 356 1838 416 multorumque
1859 356 1991 402 excisi

205 446 350 484 status.
389 445 432 483 et
469 444 610 482 terror
645 436 844 481 omnibus
884 433 1177 485 intentabatur,
1219 434 1260 476 ni
1301 433 1494 477 Tiberius
1531 431 1757 477 statuendo
1798 431 1991 476 remedio

206 514 396 574 quinque
426 512 725 563 consularium,
756 511 948 570 quinque
973 524 998 554 e
1027 508 1265 567 praetoriis,
1298 508 1475 553 totidem
1496 522 1520 553 e
1542 514 1685 553 cetero
1706 513 1858 551 senatu
1877 514 1993 552 sorte

207 589 414 640 duxisset,
454 594 557 647 aput
585 601 695 646 quos
725 586 904 632 exsoluti
939 584 1135 644 plerique
1167 583 1274 642 legis
1302 598 1438 628 nexus
1467 583 1685 628 modicum
1712 583 1756 626 in
1785 595 1994 640 praesens

205 665 492 710 levamentum
521 664 653 707 fuere.
2005 670 2024 700 5

319 739 399 797 (29)
430 741 512 783 Per
540 738 656 782 idem
685 744 852 795 tempus
882 737 1096 780 Neronem
1126 749 1150 778 e
1179 733 1326 778 liberis
1354 732 1605 783 Germanici,
1638 733 1721 777 iam
1751 732 1995 790 ingressum

205 816 429 864 iuventam,
461 812 775 858 commendavit
804 810 1006 870 patribus,
1038 817 1172 869 utque
1202 823 1379 853 munere
1401 809 1656 867 capessendi
1685 807 1994 867 vigintiviratus

205 890 442 935 solveretur
471 896 514 933 et
533 887 827 947 quinquennio
857 887 1064 929 maturius
1094 899 1224 943 quam
1252 898 1332 943 per
1360 884 1479 941 leges
1509 890 1785 942 quaesturam
1813 889 1990 942 peteret,

205 979 290 1009 non
329 965 422 1008 sine
466 964 599 1007 inrisu
644 962 905 1006 audientium
948 960 1189 1019 postulavit.
1234 959 1544 1018 praetendebat
1587 958 1668 1002 sibi
1711 965 1840 1017 atque
1878 959 1991 1003 fratri

205 1041 379 1084 decreta
407 1039 559 1083 eadem
596 1044 768 1096 petente
799 1040 1000 1095 AugustO.
1043 1035 1122 1080 sed
1152 1049 1294 1094 neque
1324 1041 1415 1078 tum
1444 1034 1575 1078 fuisse
1606 1033 1890 1078 dubitaverim
1919 1034 1993 1093 qui
2007 1047 2044 1078 io

205 1116 299 1160 eius
325 1114 441 1158 modi
478 1128 632 1173 preces
663 1113 817 1158 occulti
848 1111 1108 1155 inluderent:
1150 1125 1200 1155 ac
1229 1117 1380 1154 tamen·
1400 1110 1518 1153 initia
1551 1109 1705 1166 fastigii
1737 1109 1993 1154 Caesaribus

206 1196 327 1236 erant
362 1190 584 1248 magisque
625 1190 667 1232 in
706 1188 841 1233 oculis
880 1194 1002 1231 vetus
1040 1201 1152 1238 mos,
1194 1192 1237 1230 et
1278 1185 1483 1244 privignis
1522 1198 1621 1229 cum
1663 1185 1814 1229 vitrico
1859 1184 1995 1229 levior

271 1349 304 1382 8.
329 1351 544 1390 quaesturam
564 1347 766 1381 Ernestius:
791 1346 1018 1388 quaesituram
1038 1345 1072 1379 M
1098 1363 1132 1369 -
1159 1345 1213 1377 Μ.
1236 1344 1364 1386 fastidii
1383 1343 1419 1377 Μ
1441 1327 1578 1386 (fastiyii
1599 1341 1747 1384 margo).

206 1493 264 1533 ut,
294 1493 324 1525 si
352 1491 515 1524 homines
541 1491 791 1524 cunctarentur
812 1489 974 1522 ineundis
996 1498 1076 1522 ma-

206 1543 377 1576 trimoniis
412 1549 600 1583 capessere
635 1539 873 1573 emolumenta
905 1539 1076 1572 destinata

206 1593 266 1631 iis,
291 1592 351 1633 qui
373 1590 503 1624 liberos
527 1591 786 1633 suscepissent,
811 1589 961 1631 populus
984 1591 1077 1621 tam-

207 1650 316 1684 quam
346 1649 477 1683 parens
507 1641 665 1673 omnium
688 1640 723 1672 in
746 1639 921 1672 bonorum
943 1648 1078 1672 vacuo-

206 1700 286 1724 rum
302 1691 566 1733 possessionem
583 1689 830 1732 perveniret»)
849 1708 885 1713 —
906 1689 1076 1731 vacantia]

207 1741 391 1774 dominum
425 1749 495 1773 non
523 1739 700 1773 habentia.
741 1739 826 1772 Cod.
857 1739 989 1772 Theod.
1022 1740 1075 1778 ll,

207 1791 261 1830 30,
278 1791 339 1823 26:
365 1790 451 1823 bona
472 1791 633 1822 vacantia
655 1793 687 1822 et
707 1791 835 1822 caduca
857 1793 886 1822 el
909 1799 965 1830 ea,
991 1798 1078 1830 quae

206 1842 352 1885 indignis
365 1859 384 1865 -
396 1859 416 1864 -
431 1841 642 1882 auferuntur.
667 1858 704 1863 -
730 1840 829 1872 altius
846 1839 1077 1881 penetrabant]

208 1892 243 1924 in
267 1891 438 1923 domuum
461 1891 618 1930 secreta,
645 1899 750 1932 quam
774 1889 830 1922 lex
852 1891 928 1932 ipsa
952 1898 1078 1922 conce-

209 1941 318 1974 debat
341 1949 382 1972 ac
404 1939 555 1973 volebat.
575 1957 611 1963 —
637 1941 772 1982 civium]
797 1941 885 1981 Ergo
907 1941 966 1981 qui
982 1940 1078 1972 cives

210 2000 280 2024 non
310 1992 426 2030 erant,
456 1989 532 2031 lege
563 1990 666 2032 Papia
696 1992 860 2031 Poppaea
884 1999 954 2022 non
977 1992 1079 2022 tene-

208 2041 349 2074 bantur.
375 2058 418 2064 -
446 2039 691 2081 corripuerant]
726 2040 920 2072 criminum
949 2047 1078 2080 genera

208 2090 341 2123 infinita
370 2090 561 2122 commenti
596 2090 716 2130 erant,
748 2091 787 2121 ut
818 2088 1077 2131 propemodum

210 2148 316 2173 nemo
339 2140 459 2172 insons
483 2141 594 2179 esset,
620 2141 656 2172 et
678 2140 754 2181 pari
769 2140 991 2172 vehementia
1016 2147 1081 2180 per

209 2199 335 2223 omnes
369 2190 507 2232 imperii
547 2190 693 2222 Romani
726 2191 866 2231 partes,
907 2189 1080 2230 quidquid

210 2240 342 2282 ubique
367 2241 496 2273 civium
520 2241 632 2279 esset,
657 2239 741 2272 nihil
765 2249 873 2282 saepe
888 2241 1005 2272 minus
1022 2248 1080 2271 ex-

209 2292 410 2333 spectantes
434 2290 468 2322 in
492 2291 547 2322 ius
570 2290 759 2332 raptabant
780 2292 886 2332 atque
903 2290 1080 2332 opprime-

208 2340 304 2373 bant.
337 2341 363 2372 1.
389 2340 424 2372 F.
450 2341 598 2372 Gnonov.
631 2357 668 2362 —
702 2340 947 2379 multorumque
978 2340 1082 2372 excisi

209 2390 324 2432 status]
348 2390 422 2422 Hoc
439 2391 503 2427 est,
523 2389 619 2430 quod
635 2391 737 2422 antea
754 2390 796 2431 (c.
811 2391 864 2430 25)
879 2389 981 2422 dixit:
1006 2399 1082 2422 cum

209 2440 317 2473 omnis
335 2440 450 2472 domus
465 2440 649 2471 delatorum
664 2439 989 2480 interpretationibus
1002 2439 1081 2471 sub-

210 2493 404 2523 verteretur.
430 2490 473 2521 Et
494 2488 690 2522 calumniae
714 2490 844 2522 multae
867 2490 902 2522 in
921 2489 988 2522 hac
1003 2488 1080 2530 lege

213 2541 307 2572 circa
336 2539 558 2580 ingenuitatis
588 2539 665 2571 iura
693 2548 735 2571 ac
758 2539 902 2579 similia,
925 2541 964 2571 ut
986 2541 1082 2581 peri-

213 2589 392 2622 clitaretur
415 2597 485 2621 non
508 2588 616 2621 dubie
640 2588 832 2621 multorum
855 2590 977 2622 status.
1013 2588 1082 2621 Pli-

213 2639 292 2671 nius
322 2640 450 2679 paneg.
476 2637 536 2671 34:
577 2639 722 2670 Vidimus
749 2639 933 2671 delatorum
963 2647 1083 2680 aqmen

211 2690 383 2722 inductum
411 2689 464 2730 (in
486 2688 797 2730 amphitheatrum)
825 2690 921 2729 quasi
943 2697 1084 2730 yrassa-

214 2742 342 2778 torm,
368 2739 465 2779 quasi
486 2739 666 2771 latronum.
700 2739 776 2771 Non
797 2739 1004 2771 solitudinem
1021 2738 1082 2778 illi,

213 2798 280 2820 non
300 2789 383 2828 iter,
407 2789 463 2820 sed
484 2789 658 2828 templum,
683 2789 738 2820 sed
758 2789 869 2829 forum
883 2789 1082 2821 insederant.

212 2838 316 2871 Nulla
347 2838 417 2870 iam
446 2841 640 2870 testamenta
669 2830 803 2878 secura',
838 2838 961 2870 nullius
981 2841 1086 2870 status

213 2890 340 2925 cortun
379 2897 446 2920 non
487 2887 629 2928 orbitas,
658 2882 736 2920 ⁴non
767 2888 861 2920 liberi
887 2889 1083 2929 proderant.

212 2937 366 2970 Auxerat
387 2938 446 2970 hoc
466 2938 593 2970 malum
604 2939 795 2979 principum
810 2939 971 2971 avaritia.
995 2939 1081 2970 Llrs.

214 2988 349 3020 Statum
371 2989 491 3020 autem
513 2987 571 3020 hic
594 2988 790 3029 significare
814 2997 895 3021 eam
911 2988 1086 3021 condicio-

215 3045 299 3070 nem
322 3037 413 3069 vitae
437 3045 479 3069 ac
501 3038 718 3078 patrimonii,
744 3047 813 3079 qua
838 3039 919 3070 ante
940 3038 1084 3070 damna-

215 3087 348 3119 tionem
371 3087 424 3118 rei
446 3086 665 3127 gaudebant,
698 3088 924 3120 manifestum
953 3089 1018 3121 est.
1045 3106 1081 3111 -

216 3136 358 3170 exsoluti
377 3136 424 3177 pl.
449 3137 529 3178 legis
550 3137 669 3179 nemus]
694 3136 797 3170 simili
820 3138 968 3178 imagine
982 3163 989 3176 ‚
1015 3146 1084 3178 qua

218 3185 385 3219 dicebant
399 3185 537 3218 vincula
561 3184 691 3227 legum,
716 3187 800 3219 iuris
823 3186 935 3219 nodos
953 3187 1083 3228 (luven.

217 3236 251 3275 8,
269 3235 340 3276 50);
364 3235 534 3278 pleraque
551 3235 637 3276 legis
654 3236 779 3277 capita,
803 3235 931 3278 quibus
955 3236 1087 3269 delato-

219 3293 278 3318 res
290 3287 404 3318 astute
416 3285 653 3318 abutebantur
663 3285 707 3318 ad
719 3285 971 3328 opprimendos
981 3287 1085 3319 etiam

221 3335 389 3369 insontes.
416 3335 468 3369 Cf.
493 3344 525 3368 c.
550 3335 603 3368 33.

266 3384 320 3418 29.
335 3386 510 3429 Neronem]
535 3387 658 3419 natum
673 3386 812 3420 circiter
825 3395 857 3419 a.
876 3385 953 3427 760,
978 3394 1086 3428 quem

1124 1490 1248 1531 postea
1270 1489 1305 1521 in
1329 1485 1442 1520 insula
1465 1486 1586 1520 Pontia
1602 1485 1695 1518 same
1712 1485 1852 1518 necavit
1866 1494 1899 1518 a.
1917 1484 1994 1521 784.

1125 1540 1268 1572 Sueton.
1295 1537 1368 1571 Tib.
1395 1537 1449 1570 54.
1484 1554 1521 1568 -ι-
1556 1535 1818 1578 viqintiviratus]
1850 1536 1915 1569 Dio
1938 1535 1993 1578 54,

1125 1590 1186 1622 26:
1213 1588 1255 1621 οἳ
1272 1598 1312 1621 τε
1334 1585 1381 1630 δὴ
1406 1585 1552 1620 εἴκοσιν
1575 1580 1684 1620 οὗτοι
1705 1579 1838 1632 ἄνδρες
1861 1584 1904 1619 ἐκ
1919 1583 1995 1618 τῶν

1124 1635 1166 1681 ἓξ
1197 1639 1262 1672 καὶ
1293 1636 1438 1671 εἴκοσιν
1462 1638 1559 1671 εἰσίν
1573 1647 1580 1654 ·
1618 1635 1660 1670 οἵ
1681 1647 1722 1670 τε
1744 1640 1844 1683 τρεῖς
1866 1636 1907 1669 οἱ
1926 1634 1996 1678 τὰς

1125 1687 1193 1722 τοῦ
1226 1686 1399 1722 θανάτου
1425 1686 1534 1729 δίκας
1557 1689 1898 1734 προστεταγμένοι,
1928 1687 1996 1721 καὶ

1126 1739 1167 1771 οἱ
1203 1733 1323 1787 ἕτεροι
1359 1742 1458 1785 τρεῖς
1496 1738 1535 1771 οἳ
1570 1735 1615 1770 τὸ
1652 1733 1720 1771 τοῦ
1755 1738 1995 1780 νομίσματος

1125 1786 1260 1833 κόμμα
1288 1785 1655 1834 μεταχειριζόμενοι,
1689 1785 1732 1819 οἳ
1748 1797 1790 1820 τε
1811 1788 1996 1834 τέσσαρες

1126 1841 1167 1872 οἱ
1187 1838 1262 1872 τῶν
1285 1839 1325 1873 ἐν
1347 1838 1400 1884 τῷ
1424 1837 1533 1873 ἄστει
1557 1834 1656 1877 ὁδῶν
1687 1835 1993 1881 ἐπιμελούμενοι,

1125 1891 1191 1923 καὶ
1222 1891 1263 1923 οἱ
1285 1889 1377 1923 δέκα
1400 1891 1441 1923 οἱ
1460 1889 1521 1923 ἐπὶ
1543 1887 1619 1922 τῶν
1643 1888 1898 1934 δικαστηρίων
1920 1887 1995 1922 τῶν

1126 1941 1166 1982 ἐς
1187 1939 1279 1982 τοὺς
1300 1938 1439 1974 ἑκατὸν
1461 1935 1602 1986 ἄνδρας
1616 1939 1887 1986 κληρουμένων
1903 1936 1996 1972 ἀπο-

1126 1989 1363 2034 δεικνύμενοι
1387 1991 1575 2034 (triumviri
1597 1991 1702 2031 igitur
1724 1989 1908 2032 capitales,
1934 1990 1997 2022 tri-

1127 2042 1254 2073 umviri
1277 2040 1488 2080 monetales,
1514 2041 1680 2082 quattuor
1701 2040 1840 2072 viarum
1859 2040 1998 2072 curato-

1128 2100 1198 2131 res,
1224 2090 1416 2124 decemviri
1440 2089 1591 2124 stlitibus
1610 2089 1830 2130 iudicandis).
1865 2089 1906 2122 οἱ
1924 2086 1997 2137 γὰρ

1128 2138 1174 2184 δὴ
1198 2138 1268 2173 δύο
1292 2141 1332 2173 οἱ
1351 2139 1418 2182 τὰς
1439 2136 1513 2182 ’ἐξω
1535 2137 1603 2172 ‘coi
1627 2140 1779 2180 τείχους
1800 2135 1915 2180 ὁδοὺς
1935 2138 1997 2183 ἐγ-

1128 2188 1380 2237 χειριζόμενοι
1421 2189 1464 2223 οῖ’
1493 2199 1534 2222 τε
1566 2189 1751 2236 τέσσαρες
1785 2188 1827 2221 οἱ
1858 2188 1898 2229 ἐς
1925 2186 1997 2232 τὴν

1128 2240 1358 2283 Καμπανίαν
1382 2237 1622 2283 πεμπόμενοι
1644 2237 1905 2273 κατελέλυντο.
1943 2239 1995 2272 Cf.

1129 2292 1251 2324 Festus
1275 2300 1304 2323 s.
1329 2300 1363 2323 v.
1381 2291 1625 2331 Praefecturae.
1661 2292 1729 2323 Per
1751 2290 1846 2322 hunc
1864 2289 1999 2330 viginti-

1129 2341 1279 2373 viratum
1303 2341 1417 2373 aditus
1438 2341 1584 2373 demum
1600 2340 1646 2372 ad
1661 2340 1814 2372 maiores
1829 2339 1997 2373 honores.

1129 2392 1193 2423 Dio
1227 2391 1287 2430 60,
1312 2392 1349 2423 5:
1385 2387 1476 2432 τοὺς
1504 2388 1705 2437 γαμβροὺς
1733 2387 1820 2422 τότε
1848 2388 1888 2423 ἐν
1915 2391 1998 2431 τοῖς

1129 2438 1274 2473 εἴκοσιν
1306 2438 1488 2487 α’νδράσιν
1516 2436 1629 2486 ἄρξαι
1658 2440 1724 2472 καὶ
1751 2436 1850 2483 μετὰ
1882 2437 1999 2472 τοῦτο

1130 2489 1388 2536 πολιαρχῆσαι
1426 2489 1467 2523 ἐν
1498 2493 1583 2531 ταῖς
1616 2486 1778 2531 ἀνοχαῖς
1811 2488 1997 2530 ἐκέλευσε,

1130 2541 1195 2573 καὶ
1230 2537 1310 2583 ὀψέ
1344 2550 1435 2573 ποτε
1469 2541 1579 2574 πέντε
1608 2535 1714 2573 ἵὲτεσι
1746 2537 1899 2572 θᾶσσον
1930 2536 2000 2581 τὰς

1129 2587 1248 2632 ἄλλας
1285 2586 1408 2638 ἀρχὰς
1443 2590 1600 2635 αἰτῆσαι
1637 2592 1774 2631 σφίσιν
1813 2590 2000 2636 ἐπέτρεψε

1132 2641 1333 2684 (Claudius).
1362 2660 1398 2665 -
1423 2643 1485 2674 sibi
1506 2645 1607 2684 atque
1628 2642 1730 2683 fratri
1753 2640 1834 2683 cet.]
1860 2639 1910 2674 Cf.
1934 2641 1999 2673 Dio

1131 2692 1184 2732 53,
1210 2692 1263 2724 28.
1289 2692 1349 2732 54,
1374 2693 1428 2726 40.
1457 2710 1493 2716 -
1526 2692 1645 2725 occulti
1665 2690 1861 2732 inluderent]
1892 2690 2001 2723 Hein-

1132 2742 1205 2773 sius
1228 2740 1384 2774 malebat
1406 2742 1540 2775 occulte.
1576 2741 1646 2774 Sed
1670 2741 1713 2774 cf.
1731 2740 1771 2781 4,
1797 2741 1855 2773 42:
1881 2739 2002 2772 occulti

1133 2791 1357 2824 laetabantur.
1392 2791 1452 2825 40:
1476 2802 1544 2824 non
1566 2792 1683 2824 occulti
1703 2791 1825 2833 ferunt.
1861 2788 1999 2823 Sallust.

1133 2842 1205 2882 lug.
1225 2842 1285 2874 61:
1310 2842 1360 2874 uti
1382 2843 1428 2874 ad
1449 2851 1482 2875 se
1504 2842 1649 2875 occultus
1669 2842 1794 2875 veniat.
1828 2841 1907 2873 Est:
1933 2840 2001 2872 «ita

1133 2890 1342 2931 illudebant,
1378 2893 1418 2924 ut
1450 2892 1572 2924 tamen
1605 2890 1732 2925 occulti
1761 2889 1998 2924 manerent:-

1134 2940 1311 2973 efficacius
1339 2939 1516 2983 aliquanto
1545 2941 1679 2975 dictum
1708 2949 1814 2982 quam
1847 2947 1913 2981 per
1941 2937 2003 2971 ad-

1132 2989 1308 3023 verbium.
1325 3008 1369 3015 —
1384 2999 1425 3023 ae
1440 2994 1550 3024 tamen
1564 2992 1662 3024 initia
1677 2990 1759 3032 cet.]
1776 2990 1810 3022 Si
1825 2989 2002 3029 Augustus

1133 3040 1299 3081 princeps
1322 3048 1342 3072 a
1365 3042 1490 3073 senatu
1513 3040 1660 3083 petebat
1682 3048 1773 3082 quae
1795 3038 1916 3079 negari
1930 3046 2002 3071 non

1134 3090 1306 3131 poterant,
1324 3089 1492 3123 irridendi
1508 3099 1613 3124 causa
1630 3098 1701 3123 non
1718 3090 1789 3121 tam
1805 3088 1895 3120 iusta
1912 3088 1999 3128 erat,

1135 3147 1243 3179 quam
1266 3148 1348 3172 cum
1370 3139 1529 3173 Tiberius
1558 3140 1654 3173 idem
1677 3137 1885 3180 coeptabat;
1917 3145 2003 3170 nam

1133 3189 1287 3230 primum
1320 3191 1465 3231 Augusti
1498 3191 1613 3222 aetate
1646 3188 1814 3231 principis
1846 3186 2003 3229 potentia

1135 3238 1292 3271 nondum
1315 3238 1432 3273 adulta
1449 3241 1526 3272 erat
1541 3239 1653 3281 (initia
1666 3237 1793 3279 fastigii
1809 3236 2004 3270 Caesaribus

1136 3288 1263 3331 erant),
1282 3288 1411 3322 deinde
1426 3297 1553 3323 recens
1569 3289 1673 3321 etiam
1689 3289 1764 3320 tum
1780 3287 1910 3320 veteris
1928 3295 2005 3320 mo-

1134 3338 1183 3372 ris
1205 3340 1394 3379 memoria3
1419 3340 1572 3381 denique
1587 3338 1692 3371 Drusi
1707 3336 1905 3380 Tiberiique
1921 3346 2004 3371 cum

1133 3389 1291 3432 Augusto
1302 3389 1425 3423 vitrico
1441 3390 1557 3423 minus
1570 3389 1645 3422 arta
1656 3385 1882 3422 necessitudo
1895 3396 2001 3430 quam
