2254 3770
300 267 384 311 380
777 270 822 312 P.
855 268 1104 313 CORNELII
1133 269 1303 325 TACITI
1331 269 1599 316 ANNALIUM

304 373 471 432 equites
508 388 605 418 cum
643 374 858 433 praefecto
891 375 1034 419 Curtio
1065 376 1225 421 Severo
1255 376 1495 430 turbantur,
1539 379 1655 437 quod
1687 380 1783 424 duri
1814 381 1976 425 circum
2005 380 2084 428 loci

302 448 608 508 peditibusque
653 451 705 493 ad
752 464 937 508 pugnam
976 450 1118 495 idonei
1163 458 1364 510 equestre
1403 453 1615 511 proelium
1651 454 1763 500 haud
1805 456 2085 514 patiebantur.

303 522 403 568 dein
432 538 508 569 rex
538 525 631 569 eius
653 539 754 569 orae
774 525 1022 578 Antiochus,
1057 526 1355 571 blandimentis
1385 528 1615 573 adversum
1642 529 1833 589 plebem,
1865 531 2014 576 fraude
2043 532 2086 575 in

303 598 459 644 ducem
489 614 587 644 cum
616 600 898 645 barbarorum
918 602 1063 660 copias
1085 602 1376 655 dissociasset,
1404 604 1649 650 Troxobore
1672 607 1907 666 paucisque
1927 607 2084 666 primo-

270 675 422 720 nribus
452 676 682 721 intersectis
712 683 879 721 ceteros
909 677 1132 723 clementia
1163 671 1414 737 composuit.

417 752 497 809 (56)
530 751 618 796 Sub
649 752 763 796 idem
791 758 959 811 tempus
990 754 1099 798 inter
1136 754 1277 799 lacum
1308 755 1511 799 Fucinum
1543 770 1798 816 amnemque
1830 758 1958 802 Lirim
1988 771 2088 816 per·
2125 760 2128 763 “

304 833 429 886 rupto
459 834 619 879 monte,
652 842 738 888 quo
768 829 1080 886 magnificentia
1109 829 1252 888 operis
1283 844 1306 873 a
1332 830 1527 889 pluribus
1549 832 1781 884 viseretur,
1812 833 1907 877 lacu
1930 833 1971 876 in
1992 834 2087 892 ipso

304 902 454 947 navale
484 903 695 961 proelium
725 903 973 956 adornatur,
1005 912 1050 948 ut
1080 905 1296 964 quondam
1326 907 1541 964 Augustus
1571 915 1730 952 structo
1761 909 1876 953 circa
1905 909 2088 954 Tiberim

305 985 469 1037 stagno,
502 979 579 1023 sed
599 979 764 1024 levibus
784 980 962 1038 navigiis
984 987 1026 1024 et
1044 981 1209 1027 minore
1231 982 1355 1039 copia
1376 982 1580 1027 ediderat.
1614 983 1815 1029 Claudius
1838 983 1872 1028 C
1894 985 2088 1031 triremes

256 1054 688 1114 ioquadriremesque
728 1063 770 1100 et
808 1055 1069 1114 undeviginti
1106 1056 1323 1100 hominum
1363 1058 1477 1101 milia
1515 1059 1711 1111 armavit,
1750 1060 1888 1104 cincto
1927 1060 2088 1104 ratibus

305 1131 483 1182 ambitu,
515 1146 569 1176 ne
599 1145 707 1189 vaga
737 1131 892 1189 effugia
921 1132 1073 1183 forent,
1106 1146 1156 1176 ac
1185 1126 1324 1176 tamen
1357 1134 1541 1191 spatium
1571 1134 1791 1193 amplexus
1822 1135 1877 1179 ad
1906 1136 1990 1179 vim
2019 1149 2090 1180 re-

306 1207 441 1264 migii,
473 1206 799 1265 gubernantium
829 1215 958 1260 arteS‚
987 1208 1179 1266 impetus
1210 1209 1382 1253 navium
1411 1215 1454 1253 et
1482 1209 1646 1267 proelio
1676 1210 1811 1255 solita.
1856 1212 1898 1254 in
1928 1211 2089 1257 ratibus

306 1284 617 1341 praetoriarum
647 1283 883 1327 cohortium
911 1283 1113 1342 manipuli
1140 1290 1392 1343 turmaeque
1414 1285 1680 1337 adstiterant,
1713 1287 1961 1344 antepositis
1990 1301 2090 1345 pro-

306 1358 572 1418 pugnaculis,
598 1354 667 1403 'ex
704 1360 800 1417 quis
842 1359 1081 1418 catapultae
1121 1359 1400 1419 ballistaeque
1431 1361 1719 1406 tenderentur.
1766 1361 1933 1421 reliqua
1970 1361 2088 1407 lacus

370 1475 403 1506 ⁴2.
422 1474 591 1515 praelium
614 1475 647 1507 M
674 1493 708 1498 —
735 1474 766 1507 3.
793 1484 850 1508 ore
872 1476 905 1509 M
931 1493 966 1499 —
991 1476 1170 1508 aduersum
1193 1477 1244 1509 M:
1270 1476 1428 1508 adversus
1450 1475 1563 1517 vulgo.
1589 1493 1623 1499 -
1648 1474 1771 1518 fraude
1794 1477 1827 1510 M
1852 1494 1889 1501 -
1914 1476 1946 1510 4.
1971 1480 2091 1510 traxe-

307 1530 386 1563 boro
408 1531 443 1564 h.
463 1530 485 1564 l.
505 1531 580 1573 (sed
597 1539 698 1564 erasa
714 1530 775 1565 litt.
795 1532 820 1572 t)
846 1533 879 1565 M
905 1550 939 1555 --
966 1532 997 1564 6.
1023 1533 1061 1564 In
1084 1533 1240 1573 margine
1265 1533 1297 1565 M
1321 1531 1365 1564 ab
1390 1532 1516 1565 eadem
1542 1541 1667 1565 manu:
1689 1533 1783 1571 Inter
1803 1533 1914 1566 lacum
1928 1534 2091 1566 Fucinum

307 1591 338 1622 et
361 1597 493 1622 amnem
514 1589 608 1623 Lirin
624 1590 795 1630 praelium
817 1590 940 1622 nauale
963 1590 1142 1622 simulatur
1157 1589 1294 1622 Claudio
1316 1593 1347 1622 et
1359 1589 1546 1631 Agrippina
1563 1589 1837 1631 praesidentibus.
1858 1608 1897 1637 7
1918 1589 1980 1622 tirz
1999 1590 2033 1623 M
2051 1607 2088 1614 -

307 1645 340 1678 8.
363 1646 530 1687 praelium
552 1646 585 1678 M
618 1664 653 1669 —
689 1647 781 1679 cirea
805 1646 943 1679 Tiberim
968 1647 1060 1687 (cum
1084 1647 1260 1687 Suetonio)
1287 1647 1325 1679 C.
1351 1647 1388 1679 T.
1414 1647 1613 1688 Zumptius:
1645 1648 1692 1680 eis
1713 1646 1842 1679 tiberim
1863 1647 1917 1684 M;
1951 1646 2091 1680 Tiberim

305 1702 407 1735 iuxta
427 1702 695 1744 Bezzenberger
718 1702 794 1735 coll.
814 1704 845 1742 2,
865 1703 900 1736 44
920 1713 927 1742 ;
952 1706 1046 1735 trans
1070 1703 1208 1736 Tiberim
1231 1702 1363 1737 Urlichs
1387 1711 1469 1735 cum
1492 1704 1722 1735 monumento
1738 1704 1937 1744 Ancyrano.
1951 1720 1988 1727 —
2012 1703 2044 1736 9.
2064 1703 2091 1736 C

309 1757 342 1796 (i.
361 1766 393 1790 e.
420 1760 573 1801 centum)
598 1760 751 1802 Lipsius:
777 1769 847 1793 om.
865 1761 898 1794 M
917 1778 952 1783 —
980 1761 1033 1793 Μ.
1050 1769 1143 1803 uaya
1159 1761 1209 1794 M:
1234 1769 1344 1793 vacua
1366 1760 1540 1792 Heinsius.
1560 1776 1595 1783 -
1616 1759 1669 1792 ⁴2.
1689 1759 1820 1801 praelio
1835 1759 1868 1792 M
1886 1772 1924 1784 —
1942 1759 1996 1793 ⁴3.
2013 1762 2088 1792 tur-

307 1824 421 1857 meque
442 1817 477 1849 M
503 1835 538 1840 —
565 1816 617 1850 44.
641 1817 829 1858 ballistaque
852 1818 896 1851 M.

307 1916 384 1949 276.
410 1917 580 1959 Pompon.
605 1916 692 1951 Mela
719 1918 748 1957 4,
776 1917 828 1950 43.
856 1935 890 1940 -
918 1917 1013 1960 duri]
1046 1918 1173 1960 asperi,
1227 1916 1278 1950 Cf.
1305 1916 1363 1956 ⁴4,
1391 1917 1450 1948 45:
1482 1924 1596 1948 nemus
1625 1916 1713 1958 quod
1745 1915 1860 1948 navali
1881 1918 2000 1957 stayno
2021 1917 2092 1949 cir-

308 1965 518 2009 scrupulosi.
546 1985 582 1991 —-
606 1968 793 2010 Antiochus]
821 1968 881 2001 Est
903 1968 1093 2001 Antiochus
1117 1968 1173 2000 IV.
1225 1966 1598 2008 cumposuitAuqustus.
1624 1967 1767 1999 Sueton.
1785 1969 1872 2007 Aug.
1887 1965 1948 1999 43:
1973 1966 2093 1999 navale

309 2017 531 2059 Epiphanes,
558 2017 834 2059 Commagenes,
865 2019 965 2051 cuius
989 2020 1094 2060 caput
1117 2018 1175 2050 Sa-

309 2069 465 2108 mosata,
491 2068 528 2100 et
548 2069 804 2102 maritimarum
829 2068 967 2102 Ciliciae
991 2069 1174 2110 regionum

308 2127 384 2151 rex.
411 2118 462 2151 Cf.
489 2118 541 2159 43,
567 2120 598 2151 7.
625 2119 677 2152 37.
705 2119 757 2160 ⁴4,
775 2120 829 2152 26.
856 2120 940 2153 Hist.
959 2121 991 2159 2,
1010 2120 1063 2152 8⁴.
1089 2120 1122 2158 5,
1141 2121 1172 2151 4.

309 2169 337 2201 Α
360 2169 595 2211 Vespasiano,
629 2178 735 2211 quem
768 2171 887 2202 tamen
910 2171 945 2202 in
969 2169 1174 2202 obsidendis

310 2217 563 2260 Hierosolymis
586 2219 786 2260 adiuverat,
812 2221 958 2262 propter
975 2220 1082 2260 Paeti,
1108 2220 1175 2260 Sy-

309 2269 382 2301 riae
406 2268 644 2311 proconsulis,
675 2270 936 2302 criminationes
959 2278 1066 2312 regno
1091 2278 1175 2311 spo—-

310 2318 423 2357 liatus,
442 2318 634 2352 obscuram
650 2319 778 2353 deinde
795 2321 902 2352 vitam
915 2320 1046 2351 Romae
1060 2319 1172 2351 traxit.

310 2370 481 2412 Iosephus
505 2369 588 2402 Bell.
609 2370 684 2404 Iud.
703 2371 734 2410 7,
753 2371 784 2402 7.
810 2370 874 2403 Dio
890 2370 944 2410 59,
963 2369 994 2401 8.
1020 2369 1175 2401 Visconti

310 2423 459 2463 Iconoqr.
484 2431 536 2463 qr.
562 2422 624 2461 ΙΙΙ,
650 2431 684 2463 p.
712 2422 763 2453 Μ.

354 2472 407 2504 56.
433 2472 544 2504 lacum
566 2468 736 2515 Fucinum]
761 2473 795 2505 h.
814 2473 905 2513 Lago
928 2471 962 2504 di
985 2471 1116 2504 Celano.
1139 2487 1172 2492 -

311 2530 504 2562 amnemque
525 2521 640 2563 Lirim]
667 2523 700 2554 h.
727 2523 936 2564 Gariqlt'ano.
957 2539 992 2544 —
1014 2523 1176 2561 perrupto

309 2571 428 2614 monte]
453 2573 594 2604 Sueton.
621 2572 741 2605 Claud.
764 2573 824 2604 20:
846 2581 909 2613 per
931 2572 999 2603 tria
1019 2579 1177 2611 passuum

310 2622 421 2661 milia,
455 2622 581 2662 partim
617 2624 729 2663 effosso
757 2626 864 2655 monte
893 2623 1020 2662 partim
1053 2621 1174 2660 exciso,

311 2673 462 2706 canalem
485 2672 623 2705 absolvit
641 2682 740 2714 aegre
754 2676 785 2706 et
803 2676 876 2713 post
892 2672 1042 2704 undecim
1058 2679 1174 2711 annos,

311 2723 462 2765 quamvis
490 2724 652 2755 continuis
681 2723 822 2765 tri9inta
850 2723 1017 2755 hominum
1046 2722 1178 2754 milibus

310 2774 380 2805 sine
400 2773 636 2806 intermissione
658 2774 877 2814 operantibus.
914 2772 1041 2806 Plinius
1065 2774 1105 2804 N.
1133 2772 1172 2803 H.

311 2823 352 2855 36
377 2823 396 2864 g
415 2822 495 2856 ⁴24:
523 2823 652 2855 Claudii
674 2824 760 2856 inter
781 2832 939 2855 maxume
960 2822 1177 2855 memoranda

310 2875 459 2915 equidem
487 2874 643 2906 duxerim
669 2875 819 2914 quamvis
841 2875 1028 2906 destitutum
1050 2880 1177 2904 succes-

311 2925 394 2956 soris
416 2924 490 2956 odio
512 2927 654 2956 montem
674 2924 856 2965 perfossum
880 2925 924 2956 ad
947 2924 1056 2956 laeum
1078 2923 1177 2954 Fuci-

311 2983 391 3007 num
405 2974 631 3013 emittendum,
656 2974 876 3006 inenarrabili
895 2975 1042 3015 profecto
1064 2973 1178 3014 inpen-

311 3025 364 3056 dio
387 3028 418 3057 et
432 3033 611 3065 operarum
624 3024 833 3056 multitudine
852 3034 914 3065 per
928 3027 974 3056 tot
989 3032 1093 3056 annos
1108 3023 1175 3055 cet.

312 3076 455 3107 Sueton.
482 3074 603 3107 Claud.
630 3074 684 3106 20.
710 3075 773 3107 Dio
798 3075 850 3114 60,
878 3075 935 3106 Νι
966 3071 1036 3117 τὴν
1059 3072 1099 3105 δὲ
1122 3071 1178 3105 λί-

310 3135 411 3167 μνην
433 3121 503 3167 τὴν
518 3124 707 3166 Φουκίνην
727 3121 797 3166 τὴν
812 3123 886 3156 τῶν
902 3122 1069 3170 Μαρσῶν
1086 3119 1178 3165 ἤθε’-

312 3173 406 3218 λησε
427 3174 498 3217 μὲν
521 3174 561 3216 ἐς
582 3171 649 3206 τὸν
667 3173 817 3219 Τίβεριν
840 3172 1048 3218 ἐξαγαγεῖν,
1074 3169 1178 3214 ὅπως

314 3220 339 3267 ἥ
362 3235 402 3257 τε
424 3221 532 3283 χώρα
554 3220 578 3267 ἦ
603 3224 687 3270 περὶ
710 3220 831 3266 αὐτὴν
849 3234 968 3270 γεωργ
972 3223 1057 3266 ἢται
1074 3225 1138 3256 καὶ
1155 3219 1177 3256 ὁ

315 3284 488 3317 ποταμες
502 3275 737 3334 ναυσίπορος
752 3272 898 3317 μᾶλλον
913 3275 1082 3317 γένηται·
1101 3272 1178 3316 μά-

315 3334 382 3366 την
405 3323 445 3357 δὲ
467 3321 513 3367 δὴ
535 3322 772 3367 ἐδαπανήθη.
791 3341 826 3347 -
844 3326 1090 3365 mayniflcentia
1105 3334 1178 3364 ope—

313 3374 372 3415 ris]
396 3375 471 3416 ipsa
495 3375 622 3408 montis
646 3374 826 3417 perruptio
843 3375 878 3406 et
899 3377 1107 3416 praeparata
1131 3374 1176 3406 la-

316 3433 379 3458 cus
401 3425 518 3458 Fucini
542 3425 696 3458 emissio.
724 3440 760 3449 -
790 3427 913 3458 structo
935 3433 963 3456 c.
991 3424 1024 3456 T.
1049 3424 1175 3467 seaqno]

1222 2018 1386 2059 proelium
1403 2016 1536 2059 (edidit)
1559 2017 1652 2049 circa
1668 2016 1807 2049 Tiberim
1820 2019 1939 2049 cavato
1959 2016 2040 2057 solo,
2057 2017 2093 2049 in

1226 2077 1290 2108 quo
1313 2076 1400 2099 nunc
1417 2067 1596 2100 Caesarum
1615 2075 1730 2099 nernus
1743 2070 1800 2099 est.
1825 2067 2001 2108 Augustus
2016 2067 2091 2110 ipse

1225 2119 1259 2150 in
1277 2118 1430 2150 Monum.
1450 2119 1578 2158 Ancyr.
1597 2116 1680 2149 Tab.
1700 2116 1732 2157 4,
1747 2116 1805 2149 43:
1830 2116 1971 2149 Navalis
1983 2117 2092 2158 proeli

1225 2167 1444 2209 spectaculum
1467 2167 1590 2207 populo
1612 2167 1686 2198 dedi
1715 2169 1835 2198 trans
1867 2165 2023 2207 Tiberim,
2054 2167 2091 2200 in

1226 2227 1290 2259 quo
1305 2220 1376 2251 loco
1391 2227 1478 2250 nunc
1493 2226 1607 2250 nemus
1617 2220 1663 2249 est
1679 2217 1871 2257 Caesarum,
1888 2220 2008 2250 cavato
2022 2217 2091 2251 solo

1225 2270 1261 2301 in
1283 2269 1518 2310 longitudinem
1540 2268 1628 2300 mille
1649 2271 1680 2300 et
1701 2268 1902 2309 octingentos
1920 2267 2029 2309 pedes,
2056 2268 2092 2300 in

1225 2318 1433 2351 latitudinem
1451 2319 1573 2359 pedum
1587 2318 1675 2350 mille
1690 2321 1720 2350 et
1735 2318 1924 2358 ducentum,
1949 2326 2014 2358 quo
2028 2317 2094 2354 tri-

1225 2370 1319 2411 ginta
1346 2372 1512 2401 rostratae
1541 2377 1660 2408 naves,
1697 2369 1896 2401 triremes
1930 2371 1966 2401 et
1995 2377 2093 2409 qua-

1226 2421 1405 2452 drireme
1414 2428 1447 2460 s,
1479 2420 1592 2460 plures
1625 2422 1735 2451 autem
1769 2419 1913 2452 minores
1944 2419 2031 2452 inter
2059 2427 2094 2452 se

1226 2471 1457 2513 constiaeerunt.
1474 2471 1512 2502 In
1527 2470 1568 2502 iis
1581 2469 1739 2502 classibus
1747 2471 1985 2511 puqnaverunt
1994 2477 2093 2510 prae-

1226 2525 1276 2554 ter
1302 2522 1442 2562 remiges
1467 2521 1562 2553 milia
1590 2520 1760 2552 hominum
1786 2521 1856 2552 tria
1883 2519 2026 2552 circiter.
2052 2537 2088 2543 -

1227 2571 1384 2604 Claudius
1405 2579 1425 2603 c
1447 2572 1596 2604 triremes
1619 2571 1701 2610 cet.]
1726 2570 1789 2603 Dio
1805 2569 1858 2610 60,
1878 2569 1938 2603 33:
1963 2564 2006 2602 ἔν
2020 2578 2094 2602 τινι

1227 2621 1340 2667 λίμνῃ
1369 2622 1588 2664 ναυμαχίαν
1615 2617 1638 2653 ὁ
1662 2617 1851 2661 Κλαύδιος
1873 2617 2093 2663 ἐπεθύμησε

1227 2669 1389 2715 ποιῆσαι
1411 2669 1540 2713 τεῖχός
1562 2681 1602 2704 τε
1619 2671 1702 2718 περὶ
1718 2667 1840 2714 αὐτὴν
1855 2667 2007 2712 ξύλινον
2021 2680 2093 2703 κα-

1226 2721 1433 2757 τεσκεύασε
1461 2723 1526 2755 καὶ
1557 2721 1659 2768 ἴκρια
1686 2718 1836 2766 ἔπηξεν.
1854 2741 1906 2747 --
1922 2721 1964 2754 οἱ
1982 2719 2022 2755 δὲ
2044 2718 2091 2765 δὴ

1227 2771 1543 2817 ναυμαχήσοντες
1574 2770 1728 2816 θανάτῳ
1751 2769 1798 2815 δὴ
1821 2769 2092 2805 καταδεδικασ-

1226 2825 1336 2868 μένοι
1359 2818 1479 2867 ἦσαν,
1505 2824 1570 2856 καὶ
1595 2821 1830 2865 πεντήκοντα
1851 2821 1946 2864 ναῦς
1963 2820 2093 2857 ἑκάτε-

1227 2884 1289 2917 ροι
1311 2871 1435 2914 εἶχον,
1469 2873 1509 2905 οἱ
1532 2872 1604 2916 μὲν
1631 2869 1787 2910 Ῥόδιοι,
1819 2873 1860 2905 οἱ
1879 2872 1920 2906 δὲ
1941 2871 2093 2906 Σικελοὶ

1229 2921 1521 2967 ἰνομασθέντες.
1548 2924 1689 2957 Sueton.
1716 2923 1838 2956 Claud.
1857 2925 1915 2956 2⁴:
1945 2924 2094 2956 Emissu-

1226 2983 1285 3007 rus
1306 2975 1468 3007 Fucinum
1489 2974 1600 3006 lacum
1614 2973 1849 3006 naumachiam
1865 2977 1942 3006 anie
1955 2973 2092 3005 commi·

1226 3026 1278 3058 sit.
1297 3043 1316 3049 -
1327 3043 1345 3049 -
1359 3025 1429 3058 Hoc
1449 3024 1634 3066 spectaculo
1656 3024 1768 3056 elassis
1786 3024 1901 3057 Sicula
1924 3027 1954 3056 et
1969 3023 2094 3056 Rhodia

1227 3078 1484 3114 concurrerunt,
1515 3075 1742 3107 duodenarum
1774 3074 1900 3114 (immo
1925 3073 2094 3114 quinqua-

1227 3124 1403 3167 qenarum)
1434 3124 1619 3156 triremium
1648 3123 1816 3166 singulae,
1847 3123 1992 3156 excienw
2012 3121 2093 3154 bue-

1227 3175 1305 3206 cina
1329 3174 1457 3206 Tritone
1479 3177 1654 3215 argenteo,
1687 3174 1744 3214 qui
1765 3182 1783 3205 e
1803 3172 1909 3205 medio
1930 3171 2006 3203 lacu
2032 3179 2094 3212 per

1227 3225 1419 3257 machinam
1452 3227 1641 3257 emerserat.
1677 3239 1708 3247 -
1743 3232 1784 3255 ac
1812 3226 1924 3255 tamen
1947 3222 2093 3262 spaniam

1229 3274 1310 3316 cet.]
1343 3273 1724 3316 quamquam'ratibus
1749 3273 1863 3304 cincto
1887 3269 1982 3310 lacu,
2013 3272 2093 3304 tau-

1228 3328 1302 3357 tum
1325 3326 1444 3357 tamen
1468 3325 1619 3366 spatium
1638 3330 1789 3355 vacuum
1812 3319 2089 3362 relinquebatur,

1228 3376 1399 3419 quantum
1412 3374 1591 3407 sufficeret
1606 3372 1650 3406 ad
1665 3374 1733 3405 vim
1747 3371 1881 3413 remigii
1894 3373 1962 3404 cet.
1980 3370 2090 3404 libere

1227 3424 1461 3458 exserendam
1477 3425 1583 3465 atque
1596 3423 1723 3462 omnia,
1737 3430 1827 3464 quae
1844 3421 1879 3454 in
1892 3429 1978 3455 vero
1988 3429 2090 3464 proe-
