2254 3770
715 279 871 324 LIBER
899 279 964 323 vl.
1023 278 1124 337 cap.
1155 278 1222 322 u.
1253 278 1320 322 ⁴5.
1351 277 1417 322 ie.

1883 271 1959 319 28⁴

188 393 232 432 et
261 399 411 431 severa
438 386 571 444 patris
603 385 826 444 disciplina
856 385 1036 430 eductus
1068 384 1260 429 facilitate
1288 386 1461 443 saepius
1480 399 1610 443 quam
1629 383 1835 428 industria
1854 396 1972 427 com-

189 461 478 506 mendabatur.
518 460 619 506 huic
641 460 884 511 Drusillam,
916 460 1076 505 Vinicio
1106 460 1254 504 Iuliam
1282 460 1535 505 Germanico
1564 459 1726 518 genitas
1757 458 1974 514 coniungit

188 550 405 595 superque
435 550 487 580 ea
516 550 564 580 re
595 536 759 580 senatui
789 536 955 586 scribit,
986 535 1068 580 levi
1099 550 1194 580 cum
1225 535 1387 580 honore
1418 536 1632 580 iuvenum.
1672 535 1772 579 dein
1791 533 1972 578 redditis

188 612 407 656 absentiae
452 613 594 655 causis
638 610 868 655 admodum
911 611 1029 668 vagis
1073 609 1189 655 flexit
1232 610 1287 654 ad
1323 612 1517 668 graviora
1556 617 1599 654 et
1626 606 1884 654 offensiones
1914 608 1971 652 ob

188 701 278 731 rem
319 686 532 745 publicam
573 693 768 744 coeptas,
808 692 941 744 utque
972 687 1113 730 Macro
1144 686 1385 744 praefectus
1414 686 1768 745 tribunorumque
1797 691 1840 729 et
1869 695 2004 728 cen-5

186 762 401 806 turionum
428 762 552 819 pauci
584 776 733 806 secum
761 761 1002 812 introirent,
1035 762 1233 819 quotiens
1263 762 1425 805 curiam
1453 761 1771 819 ingrederetur,
1809 760 1968 818 petivit.

186 838 384 896 factoque
420 837 555 896 large·
581 843 623 880 et
660 837 753 881 sine
794 837 1130 895 praescriptione
1170 837 1340 895 generis
1370 843 1442 880 aut
1471 837 1634 880 numeri
1666 842 1838 880 senatus
1867 849 1970 880 con-

187 912 318 969 sulto,
351 927 405 956 ne
435 918 545 956 tecta
573 912 750 971 quidem
777 912 918 961 urbis,
951 911 1060 955 adeo
1091 912 1306 970 publicum
1339 912 1562 956 consilium
1593 925 1825 970 numquam
1854 911 1967 961 adiit,

187 987 323 1032 deviis
353 987 606 1046 plerumque
638 987 859 1031 itineribus
888 987 1080 1031 ambiens
1108 987 1288 1045 patriam
1319 994 1362 1031 et
1390 987 1622 1031 declinans.

300 1063 380 1119 (46)
426 1064 592 1107 Interea
628 1077 779 1120 magna
818 1063 883 1106 vis
923 1071 1219 1106 accusatorum
1259 1063 1300 1106 in
1341 1077 1418 1107 eos
1446 1063 1620 1121 inrupit,
1664 1063 1737 1120 qui
1766 1062 1971 1121 pecunias
1985 1068 2024 1101 ⁴0

187 1139 360 1182 faenore
403 1138 661 1182 auctitabant
697 1137 927 1182 adversum
964 1138 1103 1196 legem
1142 1138 1359 1183 dictatoris
1391 1139 1602 1189 Caesaris,
1644 1153 1729 1196 qua
1758 1138 1813 1182 de
1844 1137 1977 1181 modo

187 1213 389 1258 credendi
419 1213 758 1272 possidendique
789 1214 896 1257 intra
921 1213 1080 1257 Italiam
1102 1221 1291 1264 cavetur,
1315 1215 1519 1257 omissam
1538 1213 1654 1263 olim,
1687 1214 1788 1272 quia
1807 1214 1972 1271 privato

187 1289 284 1333 usui
328 1289 483 1332 bonum
523 1288 742 1347 publicum
779 1289 1060 1347 postponitur.
1099 1303 1203 1333 sane
1233 1296 1356 1333 vetus
1386 1289 1481 1333 urbi
1511 1289 1714 1333 faenebre
1743 1289 1900 1332 malum
1932 1295 1975 1332 et

189 1364 446 1408 seditionum
475 1363 873 1422 discordiarumque
905 1364 1168 1408 creberrima
1198 1378 1350 1417 causa;
1387 1378 1528 1423 eoque
1558 1364 1840 1408 cohibebatur
1867 1364 1974 1408 anti-

188 1440 286 1498 quis
322 1453 496 1498 quoque
537 1446 578 1483 et
616 1440 753 1483 minus
793 1439 1003 1497 corruptis
1033 1440 1236 1484 moribus.
1266 1455 1362 1483 nam
1394 1440 1532 1498 primo
1562 1439 1788 1484 duodecim
1821 1440 1973 1484 tabulis
1986 1447 2022 1478 ⁴⁵

188 1521 402 1563 sanctum,
435 1529 488 1558 ne
518 1515 615 1573 quis
644 1515 837 1559 unciario
868 1515 1040 1559 faenore
1071 1515 1252 1573 amplius
1274 1522 1512 1565 exerceret,
1545 1529 1643 1558 cum
1663 1523 1786 1559 antea
1806 1530 1858 1559 ex
1879 1515 1974 1559 libi-

189 1590 288 1634 dine
318 1589 595 1647 locupletium
625 1590 875 1647 agitaretur,
918 1590 1017 1633 dein
1049 1591 1265 1649 rogatione
1296 1590 1520 1635 tribunicia
1549 1590 1602 1634 ad
1634 1591 1875 1635 semuncias
1905 1604 1974 1634 re-

253 1724 284 1755 4.
309 1722 480 1769 discipline
510 1723 627 1755 ductus
648 1723 682 1756 M
715 1739 751 1746 —
781 1724 814 1756 2.
838 1723 930 1755 uinio
956 1723 992 1756 h.
1017 1723 1040 1756 l.
1065 1724 1099 1757 Μ
1124 1742 1158 1747 -
1192 1725 1224 1758 5.
1249 1728 1413 1765 susceptas
1435 1725 1603 1758 Muretus.
1631 1742 1668 1748 —
1700 1725 1733 1758 8.
1757 1724 1854 1758 urbes
1876 1725 1908 1758 M
1933 1741 1970 1748 ——

187 1779 219 1811 9.
245 1778 394 1811 ambiens
422 1779 628 1812 Rhenanus:
661 1778 829 1821 ambigens
855 1780 889 1813 M
922 1797 958 1804 -
992 1781 1046 1814 ⁴2.
1069 1783 1189 1815 omissa
1211 1782 1244 1815 M
1275 1799 1310 1805 -
1349 1781 1401 1814 43.
1425 1781 1602 1823 faenebrae
1624 1781 1696 1823 (sic)
1720 1783 1754 1815 M
1778 1800 1814 1806 -
1845 1782 1898 1815 47.
1922 1789 1975 1814 se-

189 1835 335 1868 muncias
355 1836 401 1870 M.

788 1914 791 1929 Ι

189 1962 272 2005 cet.]
295 1962 361 1994 Dio
383 1961 437 2000 58,
462 1961 521 1994 zi:
549 1960 722 2008 Τιβέριος
743 1960 784 1995 δὲ
806 1959 854 2005 δὴ
877 1955 973 2005 ἦλθε
986 1962 1058 2006 μὲν

189 2009 287 2058 πρὸς
301 2008 346 2044 τὸ
362 2007 460 2044 ἄστυ
473 2035 482 2052 ,
508 2012 571 2044 καὶ
588 2010 782 2058 διέτριψεν
797 2011 839 2045 ἐν
855 2016 936 2054 τοῖς
951 2011 1058 2060 πέριξ

188 2059 309 2096 αὐτοῦ
332 2059 485 2103 τόποις,
511 2058 557 2095 οῦ
573 2063 705 2106 μέντοι
724 2063 789 2095 καὶ
806 2062 1058 2107 ἐσεφοίτησεν

189 2112 300 2153 εἴσω,
323 2114 450 2146 καίτοι
472 2114 536 2146 καὶ
559 2111 765 2160 τριάκοντα
787 2113 966 2155 σταδίους
988 2115 1054 2156 (IV.

188 2165 233 2198 M.
258 2165 310 2205 Ρ.)
334 2160 532 2202 ἀποσχών.

233 2214 284 2246 46.
311 2214 529 2256 auctitabant]
553 2214 723 2255 verbum,
753 2214 848 2256 quod
873 2223 967 2247 nunc
989 2215 1058 2247 hoc

189 2266 325 2297 tantum
353 2263 430 2296 loco
460 2265 648 2306 reperitur.
678 2283 711 2288 -
745 2266 921 2297 adversum
955 2265 1058 2307 legem

189 2315 222 2347 d.
242 2314 405 2356 Caesaris]
429 2314 615 2346 Suetonius
634 2314 738 2346 Caes.
756 2314 815 2346 42:
841 2315 891 2347 De
909 2315 1059 2355 pecuniis

188 2365 330 2405 mutuis,
364 2365 499 2396 disiecta
528 2373 694 2397 novaram
724 2365 916 2397 tabularum
939 2374 1058 2406 exspe-

189 2416 350 2455 ctatione,
368 2423 454 2455 quae
469 2415 584 2447 crebro
599 2415 809 2455 movebatur,
828 2416 971 2448 decrevit
986 2420 1059 2447 tan-

191 2467 263 2498 dem
285 2467 329 2506 (a.
355 2474 389 2497 u.
409 2466 497 2505 705),
523 2469 559 2497 at
581 2465 740 2497 debitores
762 2466 979 2498 creditoribus
1001 2475 1059 2498 sa-

191 2517 234 2549 tis
259 2516 407 2558 facerent
433 2524 496 2556 per
518 2516 778 2548 aestimationem
806 2517 1055 2557 possessionum,

191 2567 309 2608 quanti
331 2575 478 2607 quasque
507 2569 585 2598 ante
608 2566 702 2599 civile
723 2566 841 2599 bellum
864 2575 1058 2607 comparas—

190 2620 279 2657 sent,
314 2617 450 2648 deducto
479 2624 626 2648 summae
655 2617 743 2648 aeris
773 2617 892 2657 alieni,
928 2617 956 2648 si
978 2617 1059 2658 qaid

191 2675 315 2699 usurae
342 2667 474 2699 nomine
503 2669 716 2698 nmneratum
749 2669 808 2698 aut
837 2668 1058 2707 perscriptum

190 2718 323 2759 fuisset:
347 2725 414 2757 qua
435 2717 627 2748 condicione
649 2720 774 2757 quarta
791 2726 876 2757 pars
895 2718 966 2759 fere
983 2726 1058 2750 cre-

191 2766 253 2799 dili
273 2765 452 2807 deperibat.
480 2765 541 2805 (Cf.
561 2766 662 2799 Caes.
685 2767 721 2798 B.
742 2767 780 2798 C.
799 2766 832 2805 3,
851 2768 882 2798 4.
908 2767 1055 2809 Appian.

191 2817 229 2848 B.
256 2816 293 2848 C.
319 2817 356 2852 2.
382 2815 435 2848 48.
472 2814 645 2848 Plutarch.
680 2816 781 2848 Caes.
807 2816 878 2855 37.)
914 2817 977 2848 Dio
1001 2816 1056 2855 44,

192 2866 233 2898 38
258 2864 314 2905 (ad
336 2874 367 2909 a.
384 2865 478 2906 705):
505 2862 632 2908 ἐπειδή
656 2874 697 2898 τε
719 2866 856 2904 συχνοὶ
881 2862 1001 2898 πολλά
1018 2874 1059 2897 τε

192 2911 371 2961 χρήματα
399 2909 502 2953 ἔχειν
531 2916 595 2947 καὶ
620 2912 745 2947 πάντα
765 2911 865 2948 αὐτὰ
887 2910 1058 2961 ἀποκρύ-

193 2974 298 2998 πτειν
312 2963 499 3007 ἐλέγοντο,
512 2961 754 3011 ἀπηγόρευσε
768 2964 916 3008 μηδένα
928 2964 1059 2998 πλεῖον

193 3013 508 3052 πεντακισχιλίων
536 3016 602 3047 καὶ
631 3016 778 3061 μυρίων
805 3013 987 3060 δραχμῶν
1018 3014 1060 3048 ἐν

193 3061 358 3112 ἀργυρίῳ
375 3061 402 3107 ἢ
416 3065 479 3096 καὶ
496 3063 625 3111 χρυσῷ
642 3064 865 3108 κεκτῆσθαι.
891 3065 990 3097 idem
1003 3066 1056 3104 58,

193 3117 246 3148 2⁴:
266 3112 357 3156 τοὺς
368 3112 512 3156 νόμους
521 3113 613 3153 τοὺς
628 3114 798 3160 περὶτῶν
811 3113 1059 3157 συμβολαίων

195 3162 271 3199 ὑπὸ
300 3163 369 3198 τοῦ
400 3165 596 3211 Καίσαρος
625 3166 821 3206 τεθέντας,
855 3163 895 3206 ἐξ
919 3159 972 3196 ὧν
994 3165 1060 3197 καὶ

194 3212 354 3248 ἀπιστία
386 3216 451 3248 καὶ
489 3213 638 3261 ταραχὴ
674 3213 794 3258 πολλὴ
828 3213 1061 3258 γενήσεσθαι

192 3259 369 3307 ἔμελλεν,
400 3262 640 3298 ἀνενεώσατο
673 3265 865 3306 (Tiberius).
900 3282 936 3288 —-
970 3265 1059 3307 olim]

195 3316 266 3347 iam
290 3316 446 3357 pridem,
470 3318 510 3348 ut
527 3315 579 3355 43,
599 3317 655 3347 45;
685 3315 763 3347 olim
782 3315 954 3355 provisum
975 3318 1059 3347 erat.

199 3382 235 3387 -
258 3365 428 3397 duodecim
450 3365 582 3407 tabulis]
607 3365 654 3397 Ex
679 3373 749 3396 uno
765 3365 884 3397 Tacito
907 3364 975 3396 hoc
991 3364 1062 3396 sci-

196 3422 288 3447 mus.
319 3415 467 3448 Dirksen
489 3415 594 3457 zwolf
612 3415 723 3452 Tafeln
745 3423 779 3456 p.
805 3414 869 3447 594
891 3413 986 3447 hunc
1009 3413 1062 3446 lo-

1108 1974 1190 1998 cum
1214 1963 1397 1998 collocavit
1416 1964 1500 1998 Tab.
1519 1964 1606 1997 VIII.
1624 1964 1678 1997 Fr.
1697 1964 1750 1998 48.
1769 1965 1874 2006 atque
1891 1973 1972 1997 cum

1107 2015 1214 2048 Taciti
1232 2015 1351 2048 verbis
1368 2015 1546 2047 coniunxit
1558 2014 1647 2047 haec
1657 2015 1798 2047 Catonis
1811 2016 1971 2047 Prooem.

1107 2066 1152 2098 de
1175 2066 1224 2098 Re
1248 2067 1307 2098 R.:
1332 2066 1479 2098 Maiores
1500 2067 1606 2097 nostri
1620 2065 1666 2096 sic
1680 2064 1866 2097 habuerunt
1881 2068 1910 2096 et
1925 2065 1974 2096 ita

1106 2116 1141 2147 in
1162 2115 1284 2157 leqibus
1294 2118 1495 2156 posuerunt,
1518 2115 1626 2155 furem
1641 2114 1732 2155 dupli
1746 2115 1972 2154 condemnari,

1105 2166 1347 2207 faeneratorem
1381 2165 1571 2206 quadrupli.
1604 2163 1713 2197 Aliter
1741 2163 1884 2206 quidem
1919 2165 1975 2196 Li-

1106 2217 1183 2249 vius
1207 2217 1239 2256 7,
1267 2216 1324 2248 ⁴6:
1355 2217 1455 2248 Haud
1477 2224 1581 2256 aeque
1603 2216 1693 2247 laeta
1709 2215 1864 2255 patribus
1885 2216 1975 2246 inse-

1107 2266 1218 2308 quenti
1242 2275 1330 2298 anno
1355 2267 1399 2305 (u.
1419 2275 1449 2298 c⁴
1469 2265 1542 2305 397)
1565 2265 1599 2297 C'.
1618 2266 1748 2297 Marcio
1772 2265 1829 2298 Cn.
1847 2265 1974 2297 Manlio

1107 2325 1184 2348 coss.
1205 2316 1243 2348 de
1258 2316 1413 2347 unciario
1427 2315 1540 2355 fenore
1555 2324 1578 2346 a
1593 2316 1639 2347 M.
1657 2315 1771 2347 Duilio
1787 2315 1823 2347 L.
1840 2314 1974 2347 Maenio
2007 2354 2010 2356 .

1107 2365 1248 2397 tribunis
1266 2365 1313 2405 pl.
1339 2365 1469 2406 rogatio
1492 2368 1538 2397 est
1564 2365 1721 2404 perlata:
1748 2368 1778 2397 et
1802 2365 1891 2405 plebs
1913 2363 1976 2396 ali-

1107 2418 1231 2456 quanto
1253 2423 1327 2446 eam
1342 2415 1492 2455 cupidius
1507 2415 1600 2446 scivit
1618 2415 1816 2455 accepitque.
1842 2415 1891 2447 De
1908 2414 1974 2446 hac

1108 2465 1328 2498 dissensione
1345 2465 1486 2505 fideque
1503 2473 1569 2497 nec
1583 2465 1699 2497 Tacito
1717 2474 1784 2498 nec
1802 2465 1896 2497 Livio
1909 2464 1974 2496 ab·

1107 2516 1261 2557 roganda
1286 2515 1328 2548 cs.
1347 2515 1560 2548 Niebuhrius
1580 2516 1659 2548 Hist.
1681 2517 1772 2548 Rom.
1791 2517 1847 2556 111,
1865 2524 1899 2557 p.
1918 2515 1972 2547 64.

1107 2567 1277 2599 Nimirum
1301 2566 1422 2599 statuit
1443 2565 1558 2607 legem
1584 2566 1616 2598 in
1636 2565 1823 2599 duodecim
1848 2564 1975 2598 tabulis

1107 2618 1267 2650 sanctam
1291 2617 1413 2658 postea
1438 2616 1645 2657 abrogatam
1663 2618 1698 2649 et
1713 2626 1731 2647 a
1754 2616 1902 2649 tribunis
1925 2614 1973 2657 pl.

1108 2670 1234 2700 iterum
1258 2666 1429 2709 perlatam
1455 2675 1546 2699 esse.
1577 2682 1612 2689 —
1647 2667 1801 2699 unciario
1827 2665 1973 2708 faenore]

1107 2718 1307 2752 Unciarium
1330 2717 1453 2750 faenus
1476 2716 1531 2749 alii
1555 2716 1655 2749 aliter
1670 2716 1873 2758 intelligunt.
1899 2717 1976 2749 Mu-

1108 2769 1205 2800 retus
1238 2767 1361 2799 unciae
1391 2775 1537 2799 usuram
1568 2775 1647 2800 esse
1675 2767 1856 2809 opinatur,
1893 2774 1973 2798 cum

1107 2826 1172 2859 pro
1195 2817 1354 2849 centenis
1377 2817 1508 2848 mutuis
1532 2816 1622 2849 datis
1645 2816 1768 2857 singuli
1789 2815 1975 2858 quotannis

1110 2875 1238 2899 usurae
1262 2866 1404 2898 nomine
1431 2865 1634 2907 penduntur
1656 2865 1689 2907 (l
1710 2866 1879 2907 Procent):
1905 2864 1972 2902 alii,

1110 2925 1190 2949 cum
1224 2925 1304 2958 pars
1335 2916 1439 2948 sortis
1471 2917 1665 2948 centesima
1698 2915 1840 2957 singulis
1872 2924 1975 2947 men-

1110 2966 1208 3000 sibus
1245 2965 1411 3007 penditur
1448 2965 1507 3007 (12
1526 2966 1703 3008 Procent),
1748 2966 1806 3007 qui
1845 2973 1974 2997 usurae

1111 3015 1238 3049 modus
1269 3017 1462 3048 centesimae
1490 3014 1647 3048 vocatur.
1686 3015 1768 3049 Aliis
1797 3016 1851 3047 est
1872 3015 1975 3047 uncia

1110 3067 1184 3099 sive
1217 3073 1299 3107 pars
1327 3066 1416 3099 assis
1447 3066 1657 3098 duodecima
1681 3073 1808 3098 usurae
1833 3065 1975 3097 nomine

1110 3117 1235 3157 quovis
1259 3125 1351 3148 anno
1375 3115 1540 3149 solvenda
1565 3125 1629 3158 pro
1653 3118 1747 3149 sorte
1767 3115 1870 3147 unius
1887 3115 1975 3148 assis

1112 3166 1181 3206 (8¹l3
1213 3166 1375 3208 Procent).
1413 3165 1511 3199 Coni'.
1547 3166 1603 3198 W.
1633 3166 1693 3197 Th.
1721 3164 1890 3197 Streuber
1917 3165 1976 3197 der

1110 3215 1254 3257 Zinsfuss
1276 3216 1324 3249 bei
1347 3217 1408 3248 den
1433 3218 1572 3249 Romern
1595 3214 1714 3257 (Basel
1747 3215 1848 3255 4857)
1872 3223 1906 3256 p.
1931 3215 1968 3248 2⁴

1111 3273 1188 3306 sqq.
1215 3283 1250 3289 -—
1279 3267 1452 3307 rogatione
1478 3265 1655 3297 tribunicia
1683 3264 1765 3305 cet.]
1794 3264 1908 3298 Livius
1939 3265 1971 3305 7,

1110 3315 1171 3347 27:
1209 3315 1243 3347 T.
1268 3316 1395 3349 Manlio
1422 3316 1584 3355 Torquato
1608 3314 1641 3346 C.
1667 3314 1795 3345 Plautio
1820 3323 1899 3346 coss.
1927 3315 1969 3356 (a.

1112 3373 1145 3397 u.
1175 3364 1256 3404 407)
1289 3365 1546 3397 semunciarium
1583 3366 1712 3395 tamum
1744 3371 1788 3395 ex
1819 3364 1972 3396 unciario

1107 3414 1202 3456 fenus
1220 3415 1363 3456 factm,
1388 3418 1420 3447 et
1440 3415 1475 3446 in
1493 3412 1665 3454 pensiones
1682 3420 1808 3454 aequas
1822 3413 1967 3453 triennii,
