2254 3770
224 219 306 265 ⁴52
701 221 747 266 Ρ.
779 219 1029 272 CORNELII
1059 219 1229 265 TACITI
1258 219 1527 266 ANNALIUM

226 340 383 372 causae
412 327 646 379 delatione,
678 334 724 372 ut
751 327 940 386 priorem
969 327 1098 372 vitam
1129 332 1351 372 accusaret
1379 326 1578 379 obtinuit,
1609 328 1875 387 petitumque
1901 333 1967 371 est
1984 341 2011 372 a

223 402 418 461 principe
450 404 734 462 cognitionem
764 402 993 461 exciperet.
1040 402 1157 461 quod
1188 416 1242 446 ne
1272 415 1373 446 reus
1402 402 1578 461 quidem
1607 403 1839 455 abnuebat,
1871 401 2013 447 studia

224 477 372 537 populi
394 485 436 523 et
455 486 623 538 patrum
641 484 860 522 metuens:
887 484 1034 523 contra
1053 478 1268 523 Tiberium
1289 478 1543 537 spernendis
1565 478 1805 523 rumoribus
1826 478 2014 523 validum

227 560 270 598 et
311 554 599 599 conscientiae
633 554 779 598 matris
818 554 1019 598 innexum
1054 568 1171 606 esse;
1219 567 1410 613 veraque
1449 560 1522 599 aut
1558 554 1601 598 in
1635 554 1823 600 deterius
1854 553 2016 599 credita

194 629 368 674 siudice
408 630 462 674 ab
492 644 578 674 uno
608 628 770 673 facilius
800 629 1004 680 discerni,
1046 629 1192 673 odium
1221 636 1263 674 et
1291 629 1494 674 invidiam
1530 636 1632 689 aput
1668 631 1822 675 multos
1857 630 2015 675 valere.

226 705 342 749 haud
371 705 541 750 fallebat
566 705 779 749 Tiberium
799 704 936 750 moles
958 705 1224 763 cognitionis,
1258 719 1431 764 quaque
1451 706 1545 764 ipse
1566 706 1676 751 fama
1696 706 2015 750 distraheretur.

227 781 354 839 igitur
382 780 532 839 paucis
561 780 834 837 familiarium·
860 781 1059 825 adhibitis
1080 781 1215 824 minas
1237 782 1526 826 accusantium
1549 788 1591 826 et
1612 782 1708 827 hinc
1727 796 1880 840 preces
1900 781 2018 826 audit

227 857 522 915 integramque
561 870 736 901 causam
771 856 826 900 ad
865 863 1059 901 senatum
1101 857 1285 900 remittit.
1354 856 1434 914 (44)
1478 864 1606 915 atque
1647 857 1815 902 interim
1851 859 2017 902 Drusus

228 932 401 977 rediens
432 932 625 992 Illyrico,
657 946 919 991 quamquam
938 939 1083 991 patres
1105 932 1374 976 censuissent
1393 932 1449 976 ob
1468 939 1690 992 receptum
1708 933 2016 978 Maroboduum

180 1020 216 1051 ιο
230 1015 273 1053 et
310 1022 380 1053 res
415 1009 559 1066 priore
601 1015 762 1053 aestate
793 1015 935 1066 gestas
965 1014 1011 1051 ut
1041 1022 1173 1052 ovans
1203 1008 1346 1058 iniret,
1388 1007 1550 1066 prolato
1581 1008 1742 1054 honore
1771 1009 1922 1054 urbem
1952 1010 2018 1053 in-

229 1084 366 1128 travit.
410 1090 508 1142 post
538 1098 649 1143 quae
680 1098 755 1128 reo
785 1085 830 1128 L.
862 1083 1124 1135 Arruntium,
1156 1085 1208 1127 M.
1238 1083 1467 1134 Vinicium,
1499 1085 1689 1128 Asinium
1719 1084 1903 1137 Gallum,
1936 1086 2017 1130 Ae-

230 1159 450 1204 serninum
487 1159 751 1212 Marcellum,
801 1161 896 1204 Sex.
928 1160 1178 1218 Pompeium
1215 1166 1416 1218 patronos
1446 1161 1622 1218 petenti,
1669 1161 1809 1219 iisque
1847 1160 2018 1205 diversa

230 1235 550 1288 excusantibus,
583 1236 644 1280 M'.
666 1236 853 1294 Lepidus
875 1242 917 1280 et
938 1235 1102 1280 L.'Piso
1124 1242 1167 1280 et
1186 1235 1400 1280 Livineius
1421 1236 1607 1293 Regulus
1628 1235 1820 1287 adfuere,
1853 1243 2019 1281 arrecta

231 1311 345 1355 omni
385 1311 570 1363 civitate,
617 1318 774 1370 quanta
814 1311 923 1355 fides
961 1311 1108 1356 amicis
1140 1312 1397 1363 Germanici,
1441 1325 1553 1370 quae
1582 1311 1740 1356 fiducia
1769 1325 1864 1365 reo;
1911 1312 2020 1356 satin

180 1399 217 1429 45
231 1387 451 1433 cohiberet
481 1401 532 1432 ac
559 1394 776 1446 premeret
805 1401 959 1432 sensus
980 1401 1083 1431 suos
1103 1387 1310 1432 Tiberius.
1357 1387 1470 1432 haud
1492 1387 1595 1432 alias
1617 1387 1815 1431 intentior
1834 1386 2020 1446 populus

229 1463 327 1523 plus
372 1463 452 1508 sibi
497 1464 539 1506 in
577 1463 816 1522 principem
855 1463 1047 1508 occultae
1083 1464 1201 1507 vocis
1240 1469 1312 1507 aut
1353 1463 1588 1522 suspicacis
1630 1463 1783 1507 silentii
1813 1463 2018 1522 permisit.

231 1540 313 1598 (42)
345 1540 415 1584 die
446 1546 619 1584 senatus
650 1540 810 1584 Caesar
839 1539 1075 1583 orationem
1104 1538 1249 1583 habuit
1278 1539 1480 1583 meditato
1506 1545 1856 1597 temperamento.
1888 1539 2018 1597 patris

231 1617 297 1660 sui
339 1615 526 1675 legatum
564 1622 694 1674 atque
733 1616 918 1660 amicum
956 1615 1158 1660 Pisonem
1199 1615 1352 1666 fuisse,
1399 1615 1725 1674 adiutoremque
1769 1616 2020 1661 Germanico

295 1768 327 1802 3.
350 1772 513 1810 patruum
536 1770 663 1811 (priore
686 1778 710 1801 u
732 1769 865 1810 puncto
888 1769 1017 1810 notata)
1039 1769 1073 1802 M
1096 1786 1132 1792 -—
1159 1769 1190 1800 6.
1215 1769 1316 1801 moles
1338 1768 1543 1801 Rhenanus:
1568 1769 1665 1801 molis
1687 1770 1720 1803 M
1746 1788 1781 1793 -
1808 1770 1861 1802 44.
1886 1770 1923 1803 L.
1942 1770 2017 1803 Nic.

229 1826 359 1860 Faber:
394 1826 428 1858 Τ.
453 1827 486 1859 Μ
518 1844 554 1849 -
584 1827 632 1859 Μ.
663 1826 824 1858 Vinicium
853 1826 1021 1867 Ryckius:
1051 1825 1227 1867 fulniciam
1249 1826 1281 1858 M
1314 1825 1549 1867 (praenomen
1574 1824 1751 1868 absorpsit
1772 1825 1885 1859 littera
1909 1826 2022 1860 finalis

229 1882 477 1926 praecedentis
508 1882 660 1915 nominis
689 1884 724 1915 et
755 1882 897 1914 nomine
929 1882 1075 1914 uinicius
1098 1890 1140 1914 ex
1163 1881 1338 1923 frequenti
1362 1882 1621 1923 permutatione
1644 1881 1839 1915 litterarum
1861 1884 1874 1916 i
1896 1885 1932 1916 et
1953 1884 1965 1915 l
1986 1883 2022 1916 in

228 1940 371 1972 nlnicius
394 1941 557 1981 corrupta
582 1938 732 1972 litteram
757 1939 776 1980 t*
793 1938 927 1971 addidit
949 1938 1112 1971 librarius
1137 1948 1178 1971 ex
1203 1947 1311 1981 prava
1334 1939 1475 1971 Fulcinii
1498 1939 1742 1972 recordatione
1760 1948 1791 1971 c.
1811 1939 1883 1981 40);
1910 1939 1943 1971 T.
1965 1939 2023 1972 Vi-

229 1998 355 2029 nictum
379 1997 447 2028 lac.
466 1996 678 2032 Gronovius;
703 1995 740 2027 L.
763 1996 925 2027 Vinicium
950 1994 1039 2035 (coll.
1059 1995 1199 2027 sueton.
1220 1996 1338 2028 octav,
1358 1994 1409 2036 64)
1435 1995 1650 2036 Nipperdey.
1668 2011 1703 2018 -
1731 1996 1784 2028 43.
1802 1996 1861 2028 M’.
1887 1996 2022 2037 Lipsius

233 2052 288 2093 (ad
313 2052 344 2093 3,
370 2052 441 2093 35):
467 2053 514 2084 M.
532 2052 565 2084 M
592 2069 629 2075 —-
654 2052 784 2092 lepedus
807 2053 838 2084 M
865 2069 901 2074 —
926 2052 1085 2083 liueneius
1107 2052 1139 2084 M
1164 2069 1199 2075 -
1225 2055 1340 2084 arecia
1362 2052 1405 2084 M.
1433 2052 1523 2084 Fort.
1545 2056 1673 2090 erecta;
1697 2051 1779 2085 vide
1804 2052 1849 2084 ad
1873 2061 1903 2084 c.
1922 2053 1953 2085 7.
1982 2070 2018 2077 -

232 2109 285 2141 45.
307 2112 495 2150 praemeret
524 2107 656 2150 (littera
684 2117 706 2141 a
732 2109 871 2150 punctis
902 2108 1039 2150 notata)
1072 2110 1104 2142 M
1134 2126 1169 2132 --
1205 2109 1348 2141 Tiberias
1376 2108 1545 2141 Pichena:
1576 2109 1722 2142 tiberim.
1748 2118 1788 2142 ac
1810 2107 1937 2150 iimeret
1961 2109 2022 2150 (an

225 2169 396 2209 promeret
417 2166 550 2208 margo)
575 2167 609 2199 M
641 2183 675 2189 -
711 2154 800 2198 haud
827 2165 1020 2199 Acidalius:
1057 2167 1085 2199 is
1109 2166 1160 2208 (iis
1183 2174 1322 2207 margo;
1357 2166 1406 2198 his
1429 2164 1586 2207 Orellius)
1610 2166 1699 2199 haud
1721 2167 1754 2200 M
1787 2184 1822 2190 -
1861 2167 1914 2200 47.
1939 2169 2022 2199 tem-

226 2226 421 2266 peramento
443 2224 652 2257 Rhenanus:
678 2227 934 2266 temperamenta
957 2224 1000 2258 M.

231 2367 407 2410 exciperet]
431 2368 465 2399 in
483 2375 522 2400 se
539 2368 726 2409 reciperet.
748 2386 782 2391 —
802 2368 1019 2400 conscientiae
1032 2376 1104 2399 ma—
1150 2366 1271 2399 indolis
1293 2369 1368 2399 erat
1387 2369 1426 2398 ut
1446 2366 1549 2400 Pollio
1571 2367 1616 2399 ad
1636 2368 1732 2400 illum
1755 2368 1924 2409 pertinere
1945 2377 2023 2401 suc—

232 2419 305 2459 tris]
329 2418 475 2460 Respice
501 2417 546 2450 ad
569 2419 606 2458 2,
632 2419 672 2450 77
690 2419 725 2450 et
741 2418 793 2451 82.
817 2436 850 2441 -
867 2418 962 2459 fama
977 2419 1104 2450 distra-

232 2468 376 2510 heretur]
406 2467 589 2501 Efficacius
611 2468 680 2500 hoc
711 2467 886 2509 aliquanto
911 2477 1018 2510 quam
1039 2477 1105 2500 ru-

1152 2418 1328 2449 cessionem
1342 2417 1546 2457 eloquentiae
1558 2426 1638 2450 suae
1650 2419 1806 2458 crederet,
1828 2427 1903 2451 cum
1915 2419 2024 2461 filium

1151 2469 1302 2501 Asinium
1333 2468 1467 2501 Gallum
1494 2469 1694 2510 relinqueret
1721 2478 1880 2511 magnum
1907 2473 2023 2503 orato-

232 2517 380 2551 moribus
401 2519 535 2559 differre
557 2519 588 2557 4,
614 2518 634 2551 4
656 2519 691 2550 et
714 2518 801 2550 infra
824 2528 854 2551 c.
876 2519 927 2551 ⁴2.
957 2536 991 2541 —
1016 2518 1102 2560 hinc]
1152 2528 1234 2551 rem.
1264 2537 1297 2542 —-
1335 2519 1414 2551 Sex.
1439 2518 1638 2560 Pompeium]
1675 2518 1855 2552 consulem
1887 2528 1919 2552 a.
1945 2519 2021 2561 767,

235 2568 279 2601 ab
304 2567 413 2600 altera
436 2569 547 2610 parte.
571 2586 607 2591 ·-
632 2570 863 2609 integramque
886 2568 1034 2610 causam]
1058 2568 1103 2600 ab

234 2620 311 2662 ipso
328 2627 397 2651 non
415 2618 656 2658 diiudicatam,
684 2617 849 2660 nulloque
866 2618 991 2650 indicio
1009 2618 1102 2658 dato,

234 2671 355 2702 utrum
378 2677 480 2701 reum
503 2677 567 2710 pro
586 2670 686 2701 sonte
703 2667 854 2701 haberet
869 2677 912 2700 an
930 2669 1104 2701 insontem

237 2720 464 2753 existimaret.

281 2771 334 2803 44.
360 2772 476 2810 patres
505 2769 713 2810 censuissent]
744 2768 832 2802 Vide
856 2770 895 2807 2,
921 2769 973 2802 64.
1004 2787 1039 2793 -
1065 2770 1102 2803 L.

235 2819 450 2861 Arruntium]
481 2818 651 2852 illustrem
678 2818 774 2852 illum
804 2820 936 2860 virum,
967 2821 1106 2852 senato-

235 2880 315 2904 rem
339 2872 374 2904 et
392 2869 631 2909 consularem,
657 2870 800 2911 Augusti
818 2869 944 2902 iudicio
962 2870 1106 2911 dignum

237 2922 435 2965 principatu
459 2921 501 2962 (4,
528 2919 594 2959 43),
619 2928 691 2952 cos.
714 2929 745 2952 a.
764 2920 838 2953 759.
866 2920 946 2953 Eius
969 2920 1108 2952 sanctis-

237 2973 340 3005 simae
363 2974 452 3004 artes
479 2970 728 3012 praedicantur
755 2970 786 3010 6,
812 2970 843 3002 7.
872 2987 907 2993 —
937 2971 984 3003 M.
1014 2971 1103 3003 Vini-

237 3022 340 3064 cium]
381 3021 534 3055 eundem
571 3020 738 3060 fortasse,
779 3020 823 3052 de
862 3029 932 3062 quo
967 3021 1106 3054 Tacitus

238 3073 324 3105 infra
349 3072 380 3111 6,
409 3073 465 3104 ⁴5:
502 3071 634 3104 Calibus
655 3074 763 3110 ortus,
791 3074 890 3111 patre
920 3074 1020 3111 atque
1042 3080 1106 3104 avo

239 3122 487 3162 consularibus,
528 3124 637 3154 cetera
676 3121 817 3161 equestri
851 3121 983 3162 familia
1019 3124 1103 3162 erat,

238 3174 328 3206 mitis
341 3174 475 3216 ingenio
490 3175 522 3205 et
535 3174 683 3213 comptae
694 3171 882 3213 facundiae.
903 3189 938 3194 —
956 3172 1107 3205 Asinium

241 3223 385 3265 Gallum]
411 3223 461 3256 Cf.
485 3224 515 3262 4,
535 3222 587 3255 43.
608 3240 644 3245 -
669 3221 883 3254 Aeserninum
897 3222 1104 3266 Marcellam]

240 3274 346 3307 Asinii
378 3272 540 3307 Pollionis
563 3274 731 3316 nepotem
754 3272 908 3313 (Sueton.
933 3274 1019 3314 Aug.
1038 3273 1103 3315 43).

241 3324 293 3357 Cf.
319 3325 371 3364 44,
398 3324 417 3357 6
442 3325 478 3357 et
499 3324 531 3356 7.
567 3324 703 3356 Seneca
730 3324 887 3356 controv.
912 3323 968 3355 IV.
994 3323 1103 3365 praef.

240 3382 276 3418 p.
293 3372 375 3407 4⁴3:
399 3374 596 3416 Marcellus,
622 3374 773 3416 quamvis
781 3382 885 3416 puer,
910 3373 979 3407 iam
994 3376 1107 3408 tantae

1154 2577 1262 2611 quem
1292 2569 1445 2602 amicum
1479 2578 1583 2602 suum
1619 2568 1776 2602 Valerius
1807 2570 1896 2603 Max.
1922 2568 1963 2609 4,
1987 2569 2021 2610 7,

1153 2621 1173 2652 ‘2
1197 2620 1301 2652 vocat
1323 2620 1543 2652 clarissimum
1566 2629 1608 2652 ac
1630 2621 1882 2652 disertissimum
1898 2621 2020 2652 viriam.

1154 2669 1251 2702 Idem
1275 2669 1315 2709 2,
1341 2670 1379 2709 6,
1406 2669 1426 2702 8
1450 2670 1569 2710 tradit,
1602 2671 1877 2712 facundissimum
1898 2678 2024 2702 sermo-

1155 2729 1227 2752 nem
1258 2729 1314 2752 ore
1337 2720 1407 2752 eius
1430 2722 1526 2760 quasi
1547 2730 1565 2753 e
1587 2720 1681 2753 beato
1704 2721 1848 2761 quodam
1869 2720 2024 2761 eloquen-

1154 2772 1221 2804 tiae
1247 2770 1337 2812 fonte
1365 2779 1528 2804 manasse.
1572 2771 1644 2804 Nec
1673 2771 1835 2803 dissentit
1868 2771 2021 2811 Ovidius,

1155 2821 1214 2863 qui
1247 2821 1356 2853 vitam
1390 2819 1435 2853 illi
1470 2829 1571 2854 suam
1601 2821 1828 2862 fortunasque
1859 2829 1929 2853 non
1951 2829 2023 2853 uno

1154 2871 1233 2905 loco
1256 2871 1366 2904 refert
1389 2873 1565 2913 acceptas.
1593 2872 1651 2912 (Ex
1675 2873 1786 2903 Ponto
1810 2869 1848 2911 4,
1875 2871 1905 2903 4.
1931 2869 1962 2903 4.
1988 2871 2020 2904 ὅ.

1156 2921 1224 2962 45.)
1249 2921 1299 2954 Cf.
1327 2922 1358 2961 4,
1383 2922 1416 2954 7.
1437 2939 1473 2944 -
1498 2921 1553 2954 Μ’.
1574 2921 1725 2963 Lepidus]
1751 2921 1848 2954 ldem
1871 2921 2020 2961 videtur,

1155 2980 1263 3014 quem
1286 2972 1463 3013 Augustus
1488 2972 1530 3013 (4,
1557 2971 1608 3012 43)
1636 2972 1772 3004 dixerat
1793 2980 1948 3012 capacem
1968 2972 2024 3004 sed

1154 3025 1387 3063 aspernantem
1417 3021 1698 3064 (principatum).
1735 3021 1880 3054 Gravem
1906 3024 1938 3054 et
1963 3030 2023 3054 sa—

1148 3073 1294 3114 pientem
1316 3073 1428 3104 virum
1450 3072 1531 3104 dicit
1552 3070 1591 3111 4,
1616 3072 1668 3104 20.
1695 3071 1745 3104 Cf.
1772 3071 1808 3111 4,
1833 3071 1887 3104 56.
1915 3089 1951 3095 -
1982 3072 2019 3104 L.

1153 3123 1239 3164 Piso]
1255 3122 1361 3155 frater
1375 3121 1470 3154 haud
1487 3121 1594 3155 dubie
1612 3122 1674 3155 Cn.
1687 3122 1819 3154 Pisonis
1835 3122 1897 3154 rei.
1917 3121 1967 3154 Cf.
1988 3130 2019 3155 c.

1156 3173 1214 3206 ⁴2:
1237 3175 1265 3206 si
1282 3181 1363 3215 quos
1371 3173 1583 3214 propinquus
1597 3173 1735 3214 sanquis
1743 3175 1906 3214 patronos
1921 3172 2020 3205 dedit.

1154 3223 1231 3257 Vid.
1257 3233 1331 3256 var.
1356 3222 1436 3256 lect.
1462 3222 1506 3254 ad
1530 3223 1562 3260 Ξ,
1588 3222 1641 3256 32.
1668 3239 1703 3245 -—
1730 3222 1898 3255 Livineius
1914 3222 2023 3264 Requ-

1154 3275 1218 3316 lus]
1247 3275 1395 3308 fortasse
1422 3276 1523 3317 pater
1547 3274 1640 3313 eius,
1674 3282 1781 3315 quem
1804 3274 1939 3306 motum
1963 3281 2023 3306 se-

1155 3326 1239 3358 natu
1262 3324 1393 3358 rettulit
1415 3325 1563 3358 Tacitus.
1588 3323 1676 3357 Vide
1693 3323 1746 3363 44,
1765 3323 1816 3356 47.
1837 3341 1873 3347 —
1896 3323 2024 3366 fiducia

1154 3375 1221 3419 reo]
1256 3375 1360 3419 Verg.
1386 3376 1471 3409 Aen.
1498 3375 1534 3415 Ξ,
1559 3374 1620 3408 75:
1655 3376 1827 3414 memoret,
1864 3382 1952 3415 quae
1979 3374 2022 3407 sit
