2254 3770
286 289 369 335 448

764 293 810 337 P.
841 291 1092 337 CORNELII
1122 291 1294 337 TACITI
1321 292 1592 339 ANNALIUM

286 399 499 458 praetoris
527 398 754 443 translatis.
814 398 896 455 (57)
927 404 1167 457 cunctaque
1191 398 1366 443 socialia
1385 412 1594 458 prospere
1615 401 1852 460 composita
1872 415 1958 446 non
1978 401 2078 447 ideo

287 474 446 519 laetum
468 475 768 519 Germanicum
797 472 1029 526 habebant,
1062 473 1118 518 ob
1149 474 1396 532 superbiam
1416 474 1605 526 Pisonis,
1637 476 1711 535 qui
1741 476 1884 521 iussus
1913 482 2079 535 partem

287 550 506 609 legionum
535 551 630 610 ipse
660 556 733 593 aut
761 563 841 608 per
869 548 1003 593 filium
1033 549 1075 592 in
1096 549 1338 594 Armeniam
1369 549 1530 594 ducere
1560 557 1790 611 utrumque
1820 552 2078 611 neglexerat.

290 626 414 686 Cyrri
445 626 620 671 demum
649 630 752 684 aput
787 624 967 670 hiberna
996 625 1206 670 decumae
1240 624 1420 683 legionis
1451 639 1710 679 convenere,
1751 627 1918 672 firmato
1948 627 2079 680 vultu,

257 702 388 747 sPiso
420 701 631 746 adversus
659 707 840 752 metum,
883 700 1183 753 Germanicus,

1227 714 1281 744 ne
1318 700 1471 745 minari
1501 702 1771 757 crederetur;
1813 710 1855 748 et
1884 709 1995 756 erat,
2037 709 2084 747 ut

287 776 447 829 rettuli,
480 777 743 822 clementior.
792 776 872 821 sed
901 777 1026 821 amici
1056 775 1345 821 accendendis
1366 776 1674 822 offensionibus
1695 778 1836 823 callidi
1858 778 2083 824 intendere

288 868 408 906 vera,
441 853 650 911 adgerere
679 852 785 896 falsa
813 853 1042 911 ipsumque
1073 858 1115 896 et
1147 851 1392 896 Plancinam
1421 860 1463 897 et
1490 852 1600 897 filios
1627 854 1758 898 variis
1780 854 1920 899 modis
1941 855 2084 899 crimi-

287 930 394 974 nari.
443 935 661 987 postremo
697 928 848 986 paucis
886 927 1155 972 familiarium
1191 926 1390 972 adhibitis
1431 942 1573 972 sermo
1610 935 1796 987 coeptus
1819 943 1845 973 a
1877 930 2077 982 Caesare,

288 1005 461 1065 qualem
489 1005 554 1048 ira
584 1010 627 1048 et
645 1003 927 1048 dissimulatio
957 1004 1104 1062 gignit,
1137 1017 1394 1062 responsum
1415 1017 1440 1047 a
1459 1004 1614 1048 Pisone
1635 1004 1839 1062 precibus
1861 1011 2082 1051 contuma-

238 1090 275 1120 40
289 1080 433 1134 cibus;
455 1080 836 1139 discesseruntque
856 1080 1014 1138 apertis
1033 1079 1157 1123 odiis.
1202 1085 1300 1138 post
1319 1093 1432 1138 quae
1454 1093 1576 1124 rarus
1599 1080 1642 1122 in
1662 1077 1862 1124 tribunali
1884 1081 2081 1126 Caesaris

288 1158 405 1209 Piso,
438 1162 481 1200 et
499 1156 535 1200 si
558 1155 731 1214 quando
753 1155 991 1207 adsideret,
1025 1161 1146 1198 atrox
1166 1168 1218 1199 ac
1237 1154 1466 1199 dissentire
1487 1155 1750 1199 manifestus.
1798 1170 1883 1200 vox
1903 1170 2080 1216 quoque

289 1233 384 1277 eius
405 1231 550 1276 audita
570 1237 635 1275 est
654 1231 697 1274 in
718 1231 931 1283 convivio,
956 1244 1062 1274 vcum
1086 1236 1189 1288 aput
1209 1244 1356 1288 regem
1375 1230 1692 1275 Nabataeorum
1712 1245 1899 1276 coronae
1920 1246 2082 1278 aureae

288 1322 443 1364 magno
474 1306 668 1365 pondere
689 1306 861 1351 Caesari
893 1312 934 1350 et
954 1306 1230 1364 Agrippinae,
1263 1293 1381 1350 leves
1402 1305 1545 1349 Pisoni
1574 1312 1616 1350 et
1636 1307 1791 1351 ceteris
1812 1307 2079 1359 offerrentur,

287 1383 494 1442 principis
514 1382 709 1434 Romani,
740 1396 826 1426 non
846 1381 988 1425 Parthi
1020 1382 1134 1439 regis
1164 1380 1250 1424 filio
1279 1395 1353 1425 eas
1375 1381 1525 1439 epulas
1548 1380 1660 1435 dari;
1691 1382 1935 1441 abiecitque
1956 1383 2083 1428 simul

237 1467 275 1497 ⁴5
290 1472 495 1504 coronam
524 1464 566 1502 et
594 1457 726 1501 multa
756 1458 800 1500 in
820 1457 969 1500 luxum
989 1456 1169 1508 addidit,
1196 1471 1309 1516 quae
1332 1457 1604 1510 Germanico,
1627 1471 1888 1516 quamquam
1909 1459 2080 1511 acerba,

288 1533 580 1579 tolerabantur
610 1539 764 1578 tamen.
825 1533 906 1590 (58)
939 1532 1049 1576 inter
1077 1546 1190 1590 quae
1221 1532 1274 1576 ab
1305 1546 1408 1590 rege
1439 1532 1690 1577 Parthorum
1710 1533 1923 1579 Artabano
1953 1534 2081 1594 legati

290 1623 459 1656 venere.
509 1610 686 1654 miserat
714 1608 943 1653 amicitiam
972 1622 1024 1652 ac
1053 1607 1205 1652 foedus
1236 1614 1569 1660 memoraturos‚
1614 1614 1657 1653 et
1685 1623 1846 1667 cupere
1882 1611 2081 1655 renovari

351 1775 385 1811 4.
409 1776 587 1809 conuenire
608 1775 654 1809 M.
689 1773 778 1807 Vide
803 1774 849 1807 ad
872 1782 903 1806 c.
928 1773 962 1806 2.
991 1790 1027 1796 —
1054 1772 1085 1805 9.
1109 1773 1184 1806 irae
1205 1773 1425 1806 dissimulatio
1448 1773 1617 1807 Muretus.
1646 1792 1680 1797 —-
1701 1774 1878 1816 praecibus
1902 1775 1936 1809 M
1962 1793 1998 1800 —
2024 1775 2078 1809 40.

285 1835 567 1874 discesseruntque
587 1831 760 1865 Pichena:
786 1832 1067 1871 discesseruntque
1082 1831 1116 1864 M
1133 1847 1170 1854 —
1189 1831 1314 1871 apertis
1336 1830 1489 1873 Lipsius:
1516 1831 1640 1870 opertis
1653 1831 1687 1863 M
1704 1847 1741 1855 -
1763 1834 1841 1872 post
1859 1840 1946 1873 quae
1967 1832 2081 1866 Mure-

285 1891 361 1924 tus:
393 1892 532 1930 postque
553 1889 597 1922 M.
626 1887 677 1921 Cf.
703 1889 735 1929 4,
762 1887 814 1920 43.
839 1888 872 1928 2,
890 1887 944 1920 86.
970 1886 1002 1927 3,
1022 1887 1075 1919 44.
1103 1887 1154 1919 47.
1181 1887 1234 1924 45,
1261 1886 1315 1919 63.
1343 1902 1379 1910 -—
1407 1885 1460 1919 43.
1485 1887 1665 1928 offerentur
1686 1887 1720 1921 M
1746 1904 1783 1911 -
1809 1888 1862 1921 47.
1886 1889 2002 1922 uenire
2022 1897 2077 1932 pr.

285 1949 331 1983 M.
355 1947 444 1981 Vide
468 1946 514 1979 ad
537 1955 569 1979 c.
593 1946 627 1979 2.
654 1963 691 1969 -
715 1953 874 1986 cuperere
893 1945 1019 1977 nouari
1041 1944 1087 1978 M.

285 2090 337 2133 tis]
361 2090 479 2124 Additi
503 2089 585 2122 sunt
601 2088 832 2130 Commageni
847 2086 961 2130 legato
976 2096 1041 2130 pro
1058 2096 1159 2130 prae-

284 2143 362 2175 tore
386 2140 589 2183 provinciae
613 2139 748 2179 Syriae.

328 2194 382 2227 57.
414 2191 528 2233 Cyrri]
570 2192 661 2223 inter
690 2191 884 2229 Beroeam,
921 2189 1155 2229 Antiochiam,

285 2247 440 2286 Zeugma
462 2242 650 2284 Euphratis
674 2241 747 2281 siti,
772 2250 867 2273 nunc
891 2240 1008 2273 Corus.
1036 2257 1072 2263 —
1099 2240 1158 2272 de-

284 2304 402 2329 cumae
430 2293 579 2336 leqionis]
611 2292 801 2326 Fretensis.
836 2291 886 2325 Cf.
912 2293 1040 2324 Inscrr.
1066 2292 1155 2324 Latt.

285 2356 320 2380 n.
347 2345 443 2379 5458.
470 2345 568 2378 6504.
597 2361 632 2367 —-
664 2346 702 2375 ut
724 2342 847 2383 rettuli]
880 2351 957 2384 cap.
983 2343 1037 2375 55.
1064 2359 1102 2366 —-
1128 2345 1159 2374 et

282 2396 378 2441 tilios]
411 2397 450 2428 In
480 2395 580 2436 Syria
611 2393 756 2436 quidem
785 2402 877 2426 unus
904 2394 988 2425 tunc
1011 2393 1088 2426 erat
1110 2393 1155 2425 M.

284 2448 383 2486 Piso3
416 2445 482 2478 sed
506 2443 655 2477 alterum
680 2444 807 2483 etiam,
834 2444 1012 2482 Gnaeum,
1039 2443 1099 2484 qui
1122 2443 1158 2475 in

284 2496 375 2529 urbe
407 2494 628 2527 remanserat
651 2492 706 2533 (cf.
732 2492 764 2532 3,
790 2492 869 2533 46),
895 2492 1074 2525 criminari
1097 2499 1159 2533 po-

285 2546 419 2585 terant,
454 2544 556 2585 quasi
584 2544 614 2575 is
645 2542 826 2575 Tiberium
850 2543 885 2574 in
909 2542 1158 2574 Germanicum

286 2595 451 2628 continuo
474 2593 667 2634 instigaret.
694 2609 732 2616 ——
769 2592 901 2632 qualem
922 2592 978 2624 ira
1001 2595 1031 2624 et
1052 2593 1158 2624 simu-

285 2646 368 2679 latio
389 2644 508 2687 qiqnit]
535 2642 669 2685 «qualis
687 2641 778 2675 solet
791 2641 957 2675 alternari
972 2642 1065 2674 inter
1081 2650 1154 2682 eos,

286 2697 347 2740 qui
378 2695 508 2728 eodem
539 2695 699 2735 tempore
730 2693 932 2734 eodemque
964 2701 1158 2734 congressu

285 2748 406 2781 frenos
429 2744 632 2778 iracundiae
653 2743 759 2777 modo
774 2742 949 2785 relaxant,
974 2743 1082 2776 modo
1098 2742 1159 2775 ad-

287 2797 456 2831 ducunt.»
491 2796 518 2827 I.
550 2795 606 2827 Fa.
636 2796 785 2827 Gnonov.
824 2811 860 2817 —
895 2792 1156 2834 Nabataeorum]

284 2845 405 2891 populi
432 2844 582 2878 Arabiae
613 2843 776 2876 desertae
803 2844 878 2876 sive
901 2844 1090 2882 petraeae,
1122 2843 1158 2875 in

286 2896 438 2931 confinio
474 2894 608 2927 Felicis.
644 2893 730 2928 Plin.
765 2895 807 2926 N.
837 2894 879 2926 H.
908 2894 946 2935 5,
984 2893 1003 2935 g
1037 2893 1091 2926 65.
1117 2910 1153 2916 -

286 2954 428 2980 coronae
458 2944 592 2986 aureae]
627 2944 677 2977 Cf.
709 2944 830 2976 lustin.
863 2944 921 2984 48,
946 2944 987 2976 2:
1017 2943 1113 2976 Missi
1135 2951 1158 2974 a

285 3001 404 3031 senatu
430 2995 614 3038 Aegyptum
644 2994 744 3036 leqati
775 3004 850 3027 cum
877 2995 1028 3037 inqentia
1050 2994 1112 3027 sibi
1135 3003 1158 3026 a

284 3048 468 3082 Ptolemaeo
489 3054 567 3087 reqe
587 3046 691 3077 missa
704 3054 846 3077 munera
867 3045 1082 3086 sprevissent,
1106 3046 1158 3078 in-

286 3097 429 3131 teriectis
451 3095 562 3128 diebus
584 3095 629 3127 ad
650 3103 766 3127 cenam
788 3095 939 3128 invitatis
960 3103 1085 3128 aureae
1100 3103 1156 3127 co-

285 3156 392 3181 ronae
423 3147 543 3180 missae
575 3148 671 3185 sunt,
707 3154 791 3185 quas
819 3145 870 3178 illi
898 3146 1032 3178 honoris
1052 3154 1159 3178 causa

286 3200 434 3239 receptas
449 3199 586 3237 postera
601 3195 653 3228 die
674 3195 792 3227 statuis
812 3196 899 3237 reqis
917 3197 1155 3237 imposuerunt.

289 3265 325 3271 -
348 3247 512 3288 principis
541 3246 681 3279 Romani
711 3244 793 3286 cet]
824 3245 1034 3286 Significavit
1062 3245 1157 3278 hunc

287 3296 409 3330 luxum
431 3296 597 3330 Romanis
619 3294 779 3328 moribus
802 3293 975 3335 alienum,
1008 3295 1157 3328 Partho-

287 3355 368 3379 rum
392 3347 536 3390 dignum
559 3354 651 3379 esse.

332 3397 387 3430 58.
410 3396 593 3439 Artabano]
622 3395 672 3430 Cf.
698 3404 730 3429 c.
755 3395 787 3430 3.
815 3412 850 3418 —-
879 3395 1017 3428 miserat
1038 3395 1157 3428 amici-

288 3447 372 3481 tiam
400 3456 441 3481 ac
469 3447 584 3490 foedus
604 3445 857 3488 memoraturos]
886 3446 923 3479 in
945 3446 1155 3479 memoriam

1207 2089 1450 2122 revocaturos.
1476 2087 1528 2121 Cf.
1553 2087 1591 2129 4,
1616 2087 1679 2122 46:
1703 2089 1823 2121 misere
1845 2089 1970 2131 legatos
1990 2089 2080 2123 aini—

1207 2140 1322 2172 citiam
1345 2139 1597 2180 obsequiumque
1621 2142 1877 2173 memoraturus.
1913 2141 1955 2173 H.
1982 2140 2004 2174 l.
2029 2142 2080 2175 si-

1208 2190 1393 2230 gnificatur
1423 2189 1575 2222 amicitia
1600 2197 1620 2221 a
1643 2189 1793 2222 Phraate
1817 2198 1899 2222 cum
1921 2190 2079 2232 Augusto

1207 2239 1318 2279 facta;
1344 2239 1423 2271 vide
1449 2248 1479 2272 c.
1506 2240 1538 2271 4.
1567 2256 1603 2262 -
1635 2240 1793 2272 renovari
1815 2239 1963 2282 deaetras]
1995 2241 2017 2272 i.
2043 2249 2077 2274 e.

1208 2290 1398 2322 amicitiam
1421 2298 1463 2322 ac
1491 2289 1616 2322 foedus
1639 2289 1771 2323 dextris
1794 2289 1922 2323 iunctis
1944 2291 2079 2324 instau-

1207 2341 1288 2372 rari.
1317 2358 1353 2364 —
1394 2340 1548 2382 Vonones]
1583 2340 1635 2373 Cf.
1660 2349 1691 2373 c.
1719 2339 1829 2373 4—4.
1857 2358 1892 2364 —
1923 2350 2080 2382 proceres

1206 2389 1364 2432 qentium]
1382 2391 1598 2432 megistanas
1615 2391 1651 2422 et
1665 2390 1812 2424 Parthos
1828 2391 1863 2423 et
1876 2391 2076 2425 Armenios.

1211 2459 1246 2463 —
1271 2440 1457 2482 magnifice]
1483 2442 1678 2483 potentiam
1701 2441 1943 2474 Romanorum
1966 2440 2079 2475 extol-

1207 2490 1303 2530 lens,
1345 2500 1413 2524 nec
1450 2493 1571 2524 tamen
1606 2491 1753 2524 Parthos
1790 2491 2007 2534 deprimens.
2036 2509 2073 2516 —

1207 2542 1471 2584 Pompeiopolim]
1496 2550 1601 2583 quae,
1627 2543 1819 2584 antequam
1843 2551 1923 2576 eam
1944 2543 2079 2577 restau-

1207 2594 1323 2626 rasset
1356 2593 1527 2634 novisque
1563 2591 1685 2626 incolis
1720 2592 1982 2634 frequentasset
2011 2593 2074 2628 Cn.

1207 2643 1409 2685 Pompeius,
1434 2642 1554 2684 Soloe,
1579 2640 1714 2684 Σόλοι,
1738 2642 1967 2677 vocabantur.

1250 2742 1304 2775 59.
1330 2743 1376 2776 M.
1402 2742 1518 2775 Silano
1545 2743 1583 2775 L.
1607 2741 1778 2783 Norbano]
1807 2750 1827 2774 a
1850 2740 1979 2783 quibus
2008 2742 2077 2776 hoc

1207 2801 1300 2825 anno
1324 2793 1398 2825 772.
1425 2791 1493 2825 lata
1517 2794 1569 2825 est
1588 2791 1644 2825 lex
1665 2793 1762 2825 Iunia
1777 2791 1958 2833 Norbana,
1984 2801 2076 2835 quae

1207 2843 1318 2882 cavit,
1343 2843 1382 2875 ut
1406 2843 1523 2875 minus
1547 2842 1764 2875 sollemniter
1787 2843 1994 2876 manumissi
2010 2844 2078 2877 La-

1208 2893 1362 2925 tinorum
1405 2891 1678 2924 coloniariorum
1722 2893 1798 2924 iure
1845 2892 2075 2934 haberentur,

1205 2942 1301 2975 unde
1325 2943 1437 2975 Latini
1458 2943 1592 2975 Iuniani
1614 2941 1818 2974 huiusmodi
1846 2941 1999 2976 libertini
2021 2943 2076 2976 di-

1207 2993 1391 3027 cebantur.
1431 2993 1535 3025 Gaius
1558 2992 1596 3033 3,
1628 2992 1670 3025 58
1700 3001 1802 3034 seqq.
1839 2993 1957 3026 Bachii
1986 2994 2073 3027 Hist.

1206 3044 1346 3086 iurispr.
1371 3044 1409 3077 R.
1434 3052 1469 3085 p.
1495 3043 1570 3076 338.
1597 3060 1633 3066 —
1663 3043 1904 3084 cognoscendae
1925 3044 2076 3085 antiqui-

1206 3093 1294 3136 tatis]
1319 3092 1427 3126 Valde
1449 3094 1543 3126 amat
1565 3093 1661 3126 hunc
1682 3093 1884 3134 genetivum
1904 3093 1949 3126 ad
1965 3093 2074 3127 finem

1206 3143 1434 3177 indicandum
1458 3145 1610 3178 Tacitus.
1640 3143 1691 3177 Cf.
1709 3143 1741 3183 3,
1759 3143 1791 3176 9.
1815 3143 1869 3176 27.
1887 3143 1943 3177 4⁴.
1966 3144 1998 3184 6,
2016 3144 2069 3178 30.

1207 3194 1261 3236 43,
1287 3195 1340 3227 44.
1372 3194 1459 3227 Hist.
1485 3193 1523 3235 4,
1548 3195 1602 3227 25.
1626 3193 1681 3227 42.
1716 3211 1752 3217 —
1784 3194 1909 3234 apertis
1932 3192 2071 3237 horreis]

1207 3245 1259 3278 Cf.
1277 3245 1361 3278 Hist.
1382 3245 1413 3285 4,
1431 3245 1466 3278 44
1484 3254 1492 3277 :
1520 3244 1703 3287 Aegyptum
1716 3260 1766 3268 --
1779 3252 1933 3276 annonae
1956 3244 2073 3285 fecun-

1206 3297 1295 3329 dam.
1333 3296 1366 3335 3,
1391 3295 1428 3328 8:
1454 3295 1619 3338 Aeqyptus
1641 3295 1789 3328 claustra
1809 3302 1975 3327 annonae.
2000 3297 2073 3328 Au-

1206 3345 1312 3379 relius
1335 3345 1455 3378 Victor
1474 3345 1563 3388 Epit.
1583 3346 1614 3385 4,
1639 3345 1678 3378 6:
1703 3344 1843 3386 Auqusti
1864 3347 2008 3385 tempore
2028 3354 2074 3378 σω

1205 3394 1351 3437 Aeqypto
1381 3395 1457 3428 urbi
1487 3403 1604 3427 annua
1631 3395 1796 3428 ducenties
1822 3398 1958 3426 centena
1979 3394 2075 3428 milia

1202 3446 1361 3488 frumenti
1388 3445 1626 3488 inserebantur.
1654 3461 1690 3469 -
1719 3445 1756 3478 P.
1780 3443 1956 3487 Scipionis]
1979 3444 2073 3478 Afri-
