2254 3770
308 300 391 346 394
793 311 837 354 P.
868 309 1119 354 CORNELII
1147 309 1318 354 TACITI
1346 309 1614 355 ANNALIUM

309 414 464 459 tiorum
493 416 688 477 omnium
690 415 1038 474 imm,
1076 421 1122 460 ut
1150 415 1306 461 clausis
1336 430 1465 461 unam
1494 417 1604 461 intra
1634 415 1807 461 domum
1836 418 2096 462 accusatori-

450 469 612 485 »Μίνω-’ΜΝ

307 477 463 535 bus—'et
491 491 577 535 reis
606 505 843 550 paucorum
872 492 1061 549 potentia
1096 498 1384 550 grassaretur;
1424 491 1526 535 nihil
1559 491 1602 535 in
1635 491 1860 551 penatibus
1897 493 1986 537 suis
2020 507 2096 538 ve-

309 565 404 611 nale
435 573 507 610 aut
535 566 752 611 ambitioni
782 566 996 625 pervium;
1026 566 1256 612 discretam
1285 567 1458 611 domum
1489 573 1532 612 et
1564 581 1655 612 rem
1693 581 1755 626 p;
1786 573 1951 612 teneret
1989 568 2097 612 anti-

310 655 396 700 qua
424 643 567 686 munia
597 648 795 695 senatus;
837 642 1062 686 consulum
1090 642 1371 686 tribunalibus
1402 642 1520 687 Italia
1550 649 1592 687 et
1620 642 1818 701 publicae
1848 643 2095 702 provinciae

278 717 570 761 sassisterent.
601 716 658 760 illi
687 723 857 775 patrum
886 717 1047 762 aditum
1077 717 1353 776 praeberent:
1390 732 1437 763 se
1467 718 1677 763 mandatis
1708 718 1963 764 exercitibus
1995 732 2097 764 con·-

311 792 532 837 sulturum.
579 793 631 850 (5)
663 806 746 837 nec
775 793 908 837 defuit
935 793 1063 842 fides,
1094 792 1312 852 multaque
1343 794 1516 838 arbitrio
1537 801 1710 839 senatus
1734 794 1960 839 constituta
1979 801 2095 840 sunt:

310 882 366 913 ne
395 868 492 927 quis
522 867 577 913 ad
606 882 781 913 causam
811 868 1016 913 orandam
1045 868 1247 914 mercede
1278 875 1349 913 aut
1378 869 1501 914 donis
1527 876 1760 924 emeretur;
1792 884 1846 915 ne
1869 870 2099 929 designatis

312 944 614 1003 quaestoribus
635 943 791 989 edendi
821 944 1078 1002 gladiatores
1101 945 1332 989 necessitas
1354 951 1481 989 esset.
1513 946 1629 1005 quod
1650 946 1824 1004 quidem
1845 945 2100 991 adversante

312 1021 559 1079 Agrippina,
591 1026 808 1079 tamquam
838 1026 932 1065 acta
964 1019 1128 1065 Claudii
1159 1021 1525 1074 subverterentur,
1563 1021 1787 1066 obtinuere
1818 1027 1983 1080 patres3
2026 1021 2100 1081 qui

264 1097 356 1140 ⁴0in
395 1096 601 1141 Palatium
638 1096 693 1140 ob
741 1096 785 1139 id
821 1096 1101 1148 vocabantur,
1148 1102 1194 1139 ut
1231 1102 1387 1140 astaret
1425 1096 1579 1140 additis
1610 1111 1634 1141 a
1664 1103 1783 1156 tergo
1813 1097 1975 1141 foribus
2003 1096 2100 1142 velo

314 1171 517 1223 discreta,
550 1172 664 1231 quod
695 1172 836 1216 visum
867 1177 1054 1223 arceret,
1087 1171 1256 1215 auditus
1286 1186 1371 1215 non
1402 1172 1619 1217 adimeret.
1651 1173 1754 1231 quin
1785 1179 1827 1217 et
1853 1172 2004 1231 legatis
2025 1174 2101 1217 Ar-

313 1246 553 1292 meniorum
584 1261 759 1292 causam
788 1247 925 1306 gentis
954 1247 1068 1305 apud
1099 1248 1313 1291 Neronem
1342 1247 1561 1291 orantibus
1592 1246 1827 1292 escendere
1852 1245 2101 1307 suggestum

314 1323 582 1383 imperatoris
613 1330 655 1368 et
682 1323 932 1382 praesidere
963 1322 1089 1367 simul
1118 1322 1314 1381 parabat,
1357 1323 1438 1366 nisi
1470 1323 1624 1367 ceteris
1655 1337 1814 1381 pavore
1843 1323 1994 1368 defixis
2023 1323 2102 1369 Se-

314 1413 421 1444 neca
452 1399 762 1450 admonuisset,
805 1399 991 1443 venienti
1020 1399 1142 1443 matri
1175 1406 1433 1443 occurreret.
1471 1399 1706 1467 itajpecie
1766 1398 2101 1462 iffiathmobviam

265 1479 302 1511 ⁴⁵
315 1475 419 1519 stum
449 1474 673 1531 dedeefflss

428 1552 481 1608 (6)
512 1551 615 1594 Fine
646 1550 744 1594 anni
774 1550 956 1594 turbidis
986 1550 1229 1594 rumoribus
1259 1550 1508 1608 prorupisse
1538 1564 1709 1594 rursum
1739 1549 1915 1594 Parthos
1943 1557 1985 1595 et
2011 1549 2102 1610 rapi

316 1627 557 1672 Armeniam
594 1625 762 1670 allatum
803 1632 887 1678 est,
929 1626 1053 1684 pulso
1084 1626 1346 1677 Radamisto,
1388 1626 1462 1684 qui
1493 1640 1623 1684 saepe
1655 1626 1773 1684 regni
1804 1626 1897 1670 eius
1931 1626 2101 1685 potitus,

317 1702 417 1747 dein
445 1701 669 1761 profugus,
701 1708 789 1745 tum
820 1715 994 1760 quoque
1026 1701 1184 1746 bellum
1215 1701 1478 1746 deseruerat.
1510 1702 1636 1760 igitur
1665 1702 1708 1746 in
1731 1701 1838 1746 urbe
1858 1716 2104 1747 sermonum

381 1849 415 1882 2.
439 1849 540 1882 nichil
565 1848 599 1882 M
624 1864 661 1872 —
691 1848 723 1880 7.
747 1857 788 1881 ne
810 1848 990 1890 designatis
1018 1849 1179 1883 Ursinus:
1209 1858 1251 1882 ne
1278 1849 1457 1892 desiqnatis
1485 1849 1616 1890 quidem
1637 1850 1670 1883 M
1696 1867 1731 1873 —
1764 1850 1797 1882 9.
1822 1851 1984 1890 tanquam
2005 1850 2040 1883 M
2065 1853 2102 1875 -12

318 1906 372 1939 40.
397 1909 525 1938 assaret
547 1906 580 1939 M
608 1923 640 1929 -
669 1905 793 1938 addicis
814 1905 865 1938 M:
892 1905 1012 1940 abditis
1034 1907 1080 1945 G;
1114 1906 1232 1939 obditis
1254 1907 1401 1949 Lipsius.
1429 1924 1465 1931 -
1492 1906 1547 1939 44.
1571 1906 1706 1939 auditus
1727 1906 1880 1948 Lipsius:
1917 1906 2028 1939 aditus
2049 1907 2103 1946 M3

316 1962 468 1997 auditum
497 1962 660 1995 Picheua.
689 1979 722 1986 —
751 1962 804 1995 47.
828 1962 1004 1995 mallatwm
1027 1963 1060 1996 M
1087 1982 1120 1986 —
1142 1963 1254 2004 potius
1275 1971 1329 2005 pr.
1354 1964 1388 1997 M
1417 1980 1449 1986 —
1477 1963 1529 1996 48.
1556 1962 1673 1996 bellum
1696 1971 1824 2004 quoque
1845 1962 2059 2006 Nipperdey.

321 2120 356 2125 ——
368 2110 471 2134 unam
486 2101 579 2133 intra
593 2100 740 2141 domum]
753 2100 994 2143 principalem,
1010 2110 1102 2143 quae
1120 2110 1186 2143 op-

317 2152 458 2194 ponitur
479 2152 542 2183 toti
566 2151 713 2191 civitati,
739 2159 850 2192 penes
866 2160 991 2193 quam,
1018 2153 1056 2183 ut
1079 2152 1187 2193 signi-

1236 2101 1401 2135 σκεσθαι
1423 2099 1689 2145 ψηφισθῆναι.
1719 2100 1795 2134 Καὶ
1818 2101 1858 2133 οἱ
1871 2099 1943 2144 μὲν
1958 2099 2001 2135 ἐκ
2015 2099 2106 2135 τού-

1235 2161 1329 2194 τωνχ
1354 2149 1407 2193 ὥς
1429 2152 1493 2184 καὶ
1516 2149 1614 2184 κατὰ
1630 2150 1858 2198 συγγραφήν
1880 2161 1966 2184 τινα
1981 2147 2106 2193 καλῶς

319 2201 400 2234 ficat
421 2202 527 2241 Nero,
553 2209 691 2234 summa
716 2209 837 2233 rerum
861 2210 940 2234 esse
965 2201 1107 2234 debeat.
1133 2201 1184 2234 Cf.

319 2252 372 2292 44,
397 2251 417 2283 2
442 2252 477 2283 et
498 2252 530 2283 5.
559 2268 595 2274 —
627 2250 804 2283 discretam
832 2251 964 2283 domum
995 2254 1025 2283 et
1046 2260 1117 2283 rem
1137 2251 1185 2293 p.]

318 2301 479 2334 Refertur
494 2301 563 2334 hoc
579 2300 623 2334 ad
640 2302 815 2334 aerarium
833 2310 852 2334 a
868 2301 954 2334 fisco
970 2303 1185 2344 separatum,

319 2353 425 2393 atque
449 2353 592 2385 omnino
617 2352 661 2384 ad
683 2359 741 2384 res
765 2351 998 2393 domesticas,
1038 2361 1125 2394 quas
1149 2361 1188 2385 se

320 2402 556 2436 discreturum
575 2402 650 2436 fore
668 2402 820 2444 spondet
835 2411 855 2434 a
871 2402 1032 2444 publicis.
1055 2421 1089 2426 —
1108 2411 1188 2435 con-

320 2454 428 2486 sulum
459 2453 696 2495 tribunalibus]
730 2452 852 2494 Polyb.
879 2453 910 2493 6,
938 2453 996 2486 43:
1029 2450 1190 2496 Ὁμοίως

321 2503 387 2536 καὶ
417 2497 493 2536 ὅσα
520 2501 595 2535 τῶν
627 2498 873 2546 ἀδικημάτων
895 2500 971 2535 τῶν
993 2504 1074 2535 κατ’
1094 2499 1190 2536 Ἰτα-

321 2553 406 2587 λίαν
451 2552 670 2600 προσδεῖται
706 2552 896 2597 δημοσίας
934 2553 1187 2596 ἐπισκέψεως,

322 2603 416 2649 λέγω
447 2602 505 2645 δέ,
546 2600 630 2636 οἷον
661 2603 887 2651 προδοσίας,
928 2605 1188 2647 συνωμοσίας,

322 2655 583 2702 φαρμακείας,
617 2652 869 2696 ὃολοφονίας,
908 2653 955 2701 τῇ
990 2651 1189 2699 συγκλήτῳ

322 2706 427 2750 μέλει
451 2706 534 2752 περὶ
561 2704 717 2739 τούτων.
757 2703 862 2752 Πρὸς
892 2704 933 2739 δὲ
963 2703 1132 2747 τούτοις,
1158 2704 1196 2738 εί

316 2764 380 2799 ’τις
404 2754 554 2800 ἰδιώτης
573 2751 599 2798 ἢ
615 2755 724 2797 πόλις
738 2755 814 2788 τῶν
829 2754 929 2788 κατὰ
945 2753 1016 2798 τὴν
1031 2752 1190 2789 Ἰταλίαν

324 2804 532 2847 διαλύσεως
546 2826 566 2832 -
578 2825 598 2831 -
614 2804 852 2861 προσδεῖται,
877 2804 1022 2839 τούτων
1038 2804 1191 2839 πάντων

325 2854 498 2901 ἐπιμελές
513 2855 594 2890 ἐστι
608 2854 655 2903 τῇ
674 2855 884 2900 συγκλήτῳ.
901 2874 935 2879 -
949 2856 1102 2897 publicae
1111 2866 1192 2898 pro-

323 2907 466 2950 vinciae]
498 2908 640 2949 Spectat
662 2907 705 2939 ad
731 2908 939 2940 divisionem
962 2908 1188 2948 Augusteam.

327 2959 492 2993 Claudius
515 2957 683 3000 pleraque
707 2958 822 2990 omnia
844 2958 888 2990 ad
904 2966 943 2990 se
961 2959 1131 2996 traxerat;
1158 2959 1193 2991 at

327 3012 419 3043 Nero
443 3007 560 3052 populi
590 3008 680 3050 (sive
704 3008 863 3049 senatus)
892 3008 1091 3050 provincias
1116 3008 1191 3050 (eae

329 3061 421 3093 enim
439 3058 611 3102 publicae)
629 3067 822 3100 earumque
836 3059 1092 3091 controversias
1109 3057 1191 3091 solis

328 3109 531 3143 consulibus
555 3116 659 3141 curae
683 3107 777 3148 fore;
803 3117 842 3140 se
867 3108 1085 3141 Caesarianis
1107 3116 1193 3150 pro-

328 3161 468 3200 vinciis,
492 3160 528 3192 in
545 3158 673 3201 quibus
689 3159 882 3199 exercitus,
901 3157 990 3191 velle
1008 3157 1191 3192 consulere

330 3209 512 3252 praedixit.
539 3210 624 3242 Lu‘s.

374 3261 406 3293 5.
430 3268 489 3292 nec
512 3259 613 3301 defuit
640 3258 721 3301 fides
743 3256 823 3298 cet]
858 3257 948 3299 'gp-‚ta

330 3310 440 3342 oratio
456 3310 540 3342 item
557 3317 578 3340 a
593 3309 727 3341 Seneca
744 3307 938 3348 composita
963 3306 1084 3348 (Dione
1104 3307 1193 3339 teste

328 3348 1103 3400 6n5'3)'ad‘e‘6·'§t‘5‘ia”†1‘fft‘'i3mtbus†“don
1129 3357 1194 3390 καὶ

332 3408 371 3450 ἐς
386 3405 553 3464 ἀργυρᾶν
570 3406 714 3465 στήλην
730 3404 966 3464 ἐγγραφῆναι
977 3406 1042 3438 καὶ
1058 3405 1098 3439 ἐν
1112 3408 1195 3448 ταῖς

333 3459 436 3501 νέαις
467 3456 544 3492 τῶν
577 3454 638 3492 ἀεὶ
668 3453 822 3492 ὑπάτων
848 3451 986 3503 ἀρχαῖς
1008 3451 1195 3500 ἀναγινώ-

1236 2199 1526 2249 ἆρχθησόμενοι
1550 2199 1889 2249 παρεσκευάζοντο.
1910 2221 1946 2226 -
1970 2211 2011 2235 ne
2033 2203 2107 2244 quis

1238 2254 1319 2296 cet]
1345 2252 1487 2286 Rettulit
1509 2253 1613 2294 igitur
1630 2252 1746 2294 legem
1764 2253 1921 2286 Cinciam
1937 2261 2106 2286 munera-

1237 2303 1319 2337 lem.
1347 2303 1397 2336 Cf.
1424 2304 1478 2344 44,
1495 2304 1526 2335 5.
1555 2303 1607 2343 45,
1625 2303 1679 2335 20.
1702 2321 1737 2327 —
1762 2312 1802 2335 ne
1825 2303 2004 2344 desiqnatis
2024 2303 2104 2346 cet.]

1238 2354 1393 2387 Pertinet
1412 2353 1457 2386 ad
1473 2352 1687 2386 abolendum
1705 2352 1837 2386 Claudii
1855 2353 2021 2394 edictum,
2047 2353 2107 2395 qui

1239 2404 1384 2436 auctore
1416 2402 1593 2436 Dolabella
1624 2404 1755 2436 sanxit:
1785 2403 2009 2443 spectaculum
2030 2403 2108 2445 yla-

1239 2455 1409 2487 diatorum
1426 2455 1491 2494 per
1506 2461 1617 2485 omnes
1631 2462 1736 2485 annos
1758 2452 1989 2486 celebrandum
2005 2462 2109 2494 pecu-

1238 2505 1299 2536 nia
1332 2512 1466 2543 eorum,
1507 2504 1564 2544 qui
1598 2506 1814 2543 quaesturam
1846 2503 2110 2544 adipiscerentur

1242 2554 1306 2594 (44,
1331 2554 1396 2594 22).
1426 2571 1461 2576 -
1489 2554 1577 2594 quod
1600 2552 1742 2595 quidem]
1777 2551 1851 2586 scil.
1877 2551 2026 2585 alterum
2049 2560 2109 2586 se-

1240 2606 1343 2636 natus
1367 2603 1580 2637 consultum.
1609 2622 1644 2627 —
1670 2604 1706 2635 in
1728 2602 1906 2644 Palatium]
1931 2601 1983 2636 Cf.
2000 2603 2033 2642 2,
2052 2602 2106 2636 37.

1244 2673 1279 2679 -
1305 2655 1427 2687 additis
1449 2663 1471 2686 a
1494 2658 1584 2695 teryo
1606 2653 1746 2696 foribus]
1773 2654 1911 2686 Novum
1935 2653 2064 2686 ostium
2087 2660 2109 2685 a

1240 2706 1339 2746 tergo
1356 2705 1560 2737 senatorum
1577 2703 1810 2746 aperiendum
1822 2702 1956 2735 curavit
1967 2702 2012 2735 ad
2025 2705 2109 2735 eum

1240 2755 1357 2797 ipsum
1387 2754 1515 2793 finem,
1549 2755 1587 2786 ut
1611 2754 1728 2786 omnia
1751 2751 1950 2785 auscultare
1974 2753 2106 2795 posset.

1245 2822 1280 2828 —
1305 2805 1375 2837 velo
1407 2803 1566 2845 discreta]
1599 2803 1726 2836 Plinius
1755 2803 1843 2845 Epp.
1869 2801 1907 2843 4,
1933 2802 1994 2842 49,
2019 2802 2040 2835 3
2063 2801 2108 2835 de

1242 2855 1389 2895 coniuge
1419 2863 1503 2886 sua:
1539 2854 1684 2894 Eadem,
1715 2854 1742 2886 si
1766 2853 1899 2893 quando
1920 2853 2042 2893 recito,
2074 2852 2110 2884 in

1237 2905 1396 2946 proximo
1419 2904 1562 2936 discreta
1584 2903 1655 2936 velo
1678 2903 1765 2935 sedet
1787 2902 1964 2943 laudesque
1977 2904 2110 2934 nostras

1241 2955 1441 2987 avidissimis
1464 2954 1602 2987 auribus
1624 2954 1758 2994 excipit.
1786 2970 1821 2976 -
1852 2951 2005 2994 auditus]
2038 2951 2110 2985 Etsi

1241 3003 1413 3047 pluralem
1437 3013 1480 3036 ex
1502 3012 1573 3036 uno
1596 3003 1766 3045 Appuleio
1795 3003 1927 3035 notavit
1950 2999 2111 3035 Forcelli-

1243 3063 1324 3094 nus,
1351 3053 1540 3087 commode
1558 3055 1678 3086 tamen
1694 3051 1905 3095 explicabis:
1931 3051 2110 3084 «auditum

1242 3105 1418 3143 omnium,
1444 3112 1535 3146 quae
1559 3112 1579 3135 a
1603 3103 1751 3136 diversis
1779 3101 2002 3136 senatoribus
2025 3109 2110 3134 sen-

1244 3155 1373 3187 tentiae
1397 3152 1474 3187 loco
1494 3150 1774 3195 proferrentur.»
1799 3154 1912 3194 Atque
1927 3149 1974 3184 ad
1990 3149 2109 3194 plura-

1242 3204 1314 3238 lem
1338 3204 1381 3238 cf.
1407 3213 1439 3236 c.
1466 3203 1523 3236 ⁴6:
1555 3204 1657 3236 visus.
1691 3212 1721 3236 c.
1747 3202 1809 3236 46:
1845 3201 2042 3237 amulam.
2070 3218 2107 3224 —

1243 3254 1378 3296 Seneca]
1403 3255 1552 3286 Burrum
1576 3252 1673 3286 addit
1691 3253 1754 3285 Dio
1771 3252 1825 3291 64,
1843 3251 1880 3284 3:
1905 3249 2109 3297 πρεσβείας

1237 3301 1438 3350 Ἀρμενίων
1462 3299 1653 3363 ἐλθούσης
1675 3302 1739 3334 καὶ
1763 3298 1789 3344 ἦ
1802 3261 2026 3359 Ἀγριππίνα
2047 3299 2109 3334 ἐπὶ

1244 3352 1288 3388 τὸ
1311 3352 1440 3398 βῆμα,
1470 3352 1538 3395 ἀφ
1565 3346 1610 3387 οὗ
1635 3353 1770 3394 σφίσιν
1793 3347 1815 3384 ὅ
1839 3351 1969 3399 Νέρων
1991 3349 2109 3385 διελέ-

1244 3415 1350 3450 γετο,
1367 3401 1561 3448 ἀναβῆναι
1576 3399 1775 3448 ἠθέλησεν.
1795 3393 1936 3444 ἰδόντες
1952 3395 2022 3436 οὖν
2036 3397 2108 3436 αῦ-

1244 3453 1315 3500 τὴν
1337 3456 1476 3489 ἐκεῖνοι
1499 3455 1644 3498 (Seneca
1662 3454 1698 3487 et
1711 3453 1852 3495 Burrus)
1878 3449 2108 3498 πλησιάζου-
