2254 3770
751 268 907 318 Lmen
936 273 987 316 11.
1033 271 1133 330 Cap.
1163 272 1203 315 9.
1234 270 1301 316 4ο.
1331 271 1398 316 44.

1911 269 1966 312 79

189 398 275 444 quo
303 383 443 427 minus
467 394 653 439 pugnam
673 386 968 430 consererent,
1001 393 1056 422 ne
1077 377 1252 422 flumine
1273 377 1448 436 quidem
1467 378 1688 421 interiecto
1709 375 1967 421 cohibeban-

187 466 271 508 tur,
310 459 352 501 ni
383 456 608 501 Stertinius
637 455 869 500 adcurrens
898 454 1072 512 plenum
1101 453 1190 497 irae
1219 466 1423 510 armaque
1454 459 1497 498 et
1525 466 1686 510 equum
1714 457 1968 508 poscentem

187 534 360 578 Flavum
388 532 638 575 attinuisset.
681 530 936 575 cernebatur
962 535 1110 573 contra
1135 528 1453 571 minitabundus
1487 527 1699 571 Arminius
1734 526 1967 584 proelium-

186 622 271 668 que
300 607 567 652 denuntians.
613 619 711 649 nam
739 605 946 663 pleraque
975 605 1124 648 Latino
1154 617 1353 647 sermone
1382 602 1694 653 interiaciebat‚
1726 608 1772 644 ut
1791 601 1864 659 qui
1885 602 1968 644 Ro-

185 683 320 727 manis
349 683 392 726 in
421 682 573 726 castris
601 681 754 725 ductor
781 679 1053 738 popularium
1084 679 1323 722 meruisset.

1383 678 1465 735 (Μ)
1495 684 1670 735 postero
1700 677 1771 720 die
1794 677 2001 720 Germa-5

182 773 338 802 norum
366 758 482 802 acies
521 763 637 801 trans
666 755 877 812 Visurgim
905 755 1032 798 stetit.
1079 755 1255 805 Caesar,
1294 753 1375 796 nisi
1412 753 1614 810 pontibus
1653 751 1969 810 praesidiisque

185 834 378 892 inpositis
415 833 517 877 dare
554 833 596 875 in
626 831 857 875 discrimen
894 829 1085 887 legiones
1116 829 1230 873 haud
1261 829 1582 887 imperatorium
1611 834 1749 878 ratus,
1782 827 1970 885 equitem

185 909 296 954 vado
326 908 527 953 tramittit.
575 907 800 965 praefuere
820 905 1046 949 Stertinius
1077 910 1120 948 et
1149 918 1174 947 e
1204 918 1384 947 numero
1404 903 1732 961 primipilarium
1753 901 1967 952 Aemilius,

186 984 439 1029 distantibus
474 983 580 1027 locis
616 982 792 1031 invecti,
835 987 883 1024 ut
918 980 1086 1024 hostem
1115 979 1379 1024 diducerent.
1425 992 1512 1037 qua
1541 978 1791 1022 celerrimus
1821 978 1967 1027 amnis,

187 1058 466 1106 Chariovalda
495 1058 583 1101 dux
610 1059 866 1101 Batavorum
896 1055 1047 1113 erupit.
1092 1069 1193 1098 eum
1223 1054 1427 1099 Cherusci
1465 1054 1607 1111 fugam
1643 1053 1890 1097 simulantes
1927 1053 1970 1095 in
1984 1067 2021 1097 ιο

186 1135 403 1194 planitiem
441 1133 618 1178 saltibus
658 1132 974 1176 circumiectam
1008 1137 1197 1174 traxere:
1237 1129 1338 1173 dein
1369 1129 1503 1183 coorti
1533 1135 1577 1173 et
1618 1128 1810 1187 undique
1847 1128 1969 1172 effusi

185 1211 360 1255 trudunt
393 1209 618 1260 adversos,
659 1208 814 1252 instant
850 1206 1102 1251 cedentibus
1138 1204 1428 1263 collectosque
1467 1206 1511 1248 in
1552 1205 1704 1248 orbem
1739 1218 1839 1262 pars
1870 1217 1972 1247 con—

185 1286 342 1345 gressi,
381 1284 557 1344 quidam
591 1284 757 1328 eminus
793 1281 1056 1340 proturbant.

1102 1280 1381 1326 Chariovalda
1409 1281 1483 1325 diu
1513 1287 1746 1325 sustentata
1786 1279 1972 1323 hostium

186 1362 384 1412 saevitia,
417 1361 608 1404 hortatus
638 1373 742 1402 suos
770 1365 818 1402 ut
845 1359 1092 1416 ingruentes
1121 1363 1315 1401 catervas
1337 1356 1464 1415 globo
1483 1356 1811 1416 perfringerent‚
1843 1363 1971 1414 atque

187 1439 280 1495 ipse
323 1436 603 1480 densissimos
646 1435 911 1492 inrumpens,
950 1433 1163 1491 congestis
1202 1431 1297 1476 telis
1337 1439 1380 1476 et
1423 1431 1608 1476 suffosso
1647 1445 1760 1490 equo
1803 1431 1969 1483 labitur,
1986 1443 2023 1473 ⁴5

186 1527 238 1557 ac
258 1511 376 1556 multi
398 1510 605 1555 nobilium
621 1510 751 1554 circa:
784 1516 950 1557 ceteros
970 1509 1035 1552 vis
1057 1522 1135 1552 sua
1154 1514 1227 1552 aut
1246 1508 1415 1565 equites
1436 1521 1535 1552 cum
1555 1508 1755 1552 Stertinio
1772 1506 1972 1551 Aemilio-

231 1639 262 1673 4.
287 1638 500 1672 interiacebat
527 1647 581 1680 pr.
607 1637 641 1671 Μ
678 1655 714 1662 -
751 1637 782 1670 8.
808 1636 1064 1678 primilliarium
1091 1636 1126 1669 M
1157 1634 1442 1678 (primipilarium
1471 1633 1617 1677 margo)
1651 1652 1686 1660 -
1723 1635 1755 1667 9.
1785 1635 1974 1667 diducerent

187 1696 401 1730 Rhenanus:
437 1695 630 1728 deducerent
658 1695 693 1727 M
718 1711 754 1717 —
785 1693 988 1726 ceum-imus
1016 1693 1050 1726 M
1086 1711 1122 1716 —
1160 1693 1213 1725 44.
1249 1692 1495 1724 circumtectam
1526 1692 1561 1725 M
1594 1690 1729 1733 (iectam
1761 1691 1900 1733 margo)
1932 1708 1969 1713 -

188 1751 242 1785 44.
260 1752 506 1793 perti-ingerent
522 1749 806 1792 Bezzenberger:
830 1750 1014 1792 fringerent
1028 1750 1079 1789 Μ;

1103 1749 1297 1791 franyerent
1312 1748 1461 1791 Lipsius.
1481 1767 1518 1773 -
1542 1748 1596 1782 45.
1613 1748 1683 1789 ipse
1696 1747 1969 1782 Weissenborn:

186 1808 266 1849 ipsis
287 1809 339 1847 M;
363 1809 432 1849 ipse
452 1809 488 1841 in
507 1805 647 1850 margo,
671 1807 765 1850 (ipsis
787 1807 985 1840 densissimis
1005 1807 1141 1840 inruens
1163 1807 1217 1839 Fr.
1243 1805 1389 1848 Haase.)
1413 1823 1449 1829 —
1474 1807 1634 1847 inrupens
1656 1804 1739 1847 (sic)
1763 1805 1808 1839 M.

188 1915 319 1956 quanto
342 1923 363 1946 a
384 1915 485 1956 porta
507 1913 710 1948 Westfalica
741 1912 903 1956 (Minden)
933 1921 1057 1945 versus
1106 1913 1239 1945 tionem
1261 1912 1454 1952 venienti,»
1488 1909 1598 1944 Balbo
1627 1912 1663 1944 et
1684 1910 1872 1943 Burnoufio
1903 1919 1973 1943 non

187 1965 464 2006 septentrionem
496 1966 532 1997 et
560 1963 664 2006 plana
694 1965 868 1997 terrarum
897 1965 1056 2007 remotus
1108 1962 1228 1995 credo.
1258 1979 1294 1984 —
1313 1961 1496 2002 penetralis
1519 1961 1559 1994 G.
1585 1960 1670 2002 deos]
1700 1961 1771 1993 Cic.
1797 1960 1841 1993 de
1865 1962 1906 1994 N.
1930 1961 1972 1992 D.

188 2017 281 2055 erat;
306 2014 390 2047 nihil
406 2015 502 2048 enim
516 2015 663 2048 Romani
678 2015 789 2056 magis
806 2022 914 2056 quam
930 2013 1058 2046 obscu-
1106 2013 1145 2052 2,
1181 2012 1201 2053 5
1225 2013 1284 2045 68:
1326 2012 1373 2043 dii
1397 2014 1535 2052 penates
1550 2028 1599 2035 --
1614 2012 1717 2044 etiam
1737 2012 1923 2051 penetrales
1953 2019 1976 2042 a

187 2072 246 2097 ros
283 2063 392 2098 saltus
429 2066 639 2106 montesque
677 2063 847 2097 vitabant.
885 2065 985 2097 Inau.
1018 2080 1054 2086 —-

187 2117 397 2156 coqu-omento
413 2114 547 2156 Flavus]
571 2115 598 2147 E
617 2113 824 2157 capillorum
841 2112 958 2146 colore
974 2114 1056 2146 Gen-

189 2172 377 2196 manorum
422 2165 564 2206 proprio
605 2164 675 2197 hoc
711 2164 988 2205 cognomentum
1025 2163 1057 2195 ei

188 2213 338 2246 inditum
353 2213 505 2246 videtur.
524 2230 562 2237 -
586 2214 727 2255 insignis
746 2212 821 2255 fide]
846 2213 899 2246 Cf.
918 2213 971 2252 44,
997 2213 1055 2245 47;

188 2272 249 2296 nec
278 2266 414 2303 patrem
451 2262 607 2305 (Flavum
644 2263 717 2295 filio
755 2262 884 2304 Italico)
928 2261 1058 2301 rubori,

190 2314 278 2353 quod
298 2313 396 2354 fidem
417 2313 578 2345 adversus
598 2313 763 2345 Romanos
780 2311 964 2349 volentibus
978 2312 1057 2344 Ger-

188 2364 299 2396 manis
324 2366 491 2403 sumptam
516 2371 701 2404 numquam
728 2364 899 2396 omisisset.
928 2379 964 2385 —
989 2364 1061 2393 tum

185 2413 353 2453 permissu
378 2413 460 2455 cet]
498 2413 631 2445 Locum
665 2411 743 2445 coll.
776 2421 809 2445 c.
835 2413 876 2445 40
906 2412 957 2444 sic
985 2411 1060 2443 fere

192 2461 431 2504 supplendum
466 2463 566 2504 putat
602 2461 827 2504 Nipperdey:
871 2461 953 2493 Tum
980 2469 1061 2502 per-

190 2513 294 2544 missu
313 2512 524 2552 imperatoris
545 2512 719 2544 deducitur
739 2520 764 2544 a
781 2511 955 2550 Stertinio,
974 2519 1061 2552 pro-

190 2569 383 2603 gressusque
398 2562 466 2594 cet.
491 2560 618 2594 Similis
634 2559 733 2594 locus
749 2562 804 2593 est
819 2559 914 2603 apud
925 2561 1061 2593 Livium

192 2610 236 2644 23
249 2636 257 2651 ,
282 2610 343 2643 47:
381 2611 471 2644 Haec
502 2610 559 2643 ubi
590 2610 695 2643 Asello
727 2612 885 2643 nuntiata
918 2613 996 2643 sunt
1025 2610 1062 2642 in

193 2664 326 2701 castra,
349 2661 386 2693 id
417 2660 514 2693 modo
542 2663 695 2693 meratus
722 2663 760 2692 ut
791 2661 957 2693 consulem
980 2668 1062 2700 per-

190 2713 409 2742 cunctaretur
437 2710 588 2743 liceretne
614 2713 717 2744 eoetra
745 2711 895 2742 ordinem
921 2711 957 2742 in
980 2718 1061 2750 pro-

190 2763 363 2792 vocantem
376 2760 498 2793 hostem
506 2769 680 2802 pugnare,
698 2760 865 2801 pemissu
878 2760 948 2793 eius
963 2768 1062 2792 arma

191 2810 354 2851 extemplo
387 2810 490 2850 cepit,
524 2813 766 2851 provectusque
798 2813 877 2843 ante
906 2811 1062 2842 stationes

191 2868 275 2900 equo
312 2859 477 2892 Tauream
507 2861 640 2892 nomine
676 2860 886 2900 compellavit
919 2860 986 2892 cet.
1022 2876 1058 2882 —

191 2908 286 2950 vilia]
311 2918 355 2942 ex
369 2909 514 2942 Arminii
536 2908 683 2943 fratrem
704 2909 900 2951 irridentis,
924 2918 995 2942 non
1017 2917 1062 2942 ex

192 2959 302 3001 ipsius
325 2959 433 2992 Taciti
454 2957 595 2992 iudicio.

231 3058 284 3091 40.
303 3058 426 3091 diversi
441 3057 628 3099 ordiuntur]
647 3058 818 3101 «Uterque
834 3066 960 3092 causas
977 3066 1060 3090 suas

196 3109 233 3140 et
262 3106 406 3140 consilia
435 3107 595 3149 proferre
625 3108 760 3150 coepit,
795 3107 935 3140 diversa
969 3107 1062 3139 inter

195 3166 234 3191 se
263 3159 299 3190 et
326 3157 535 3190 contraria.»
569 3157 690 3190 Wom,
730 3156 782 3190 Cf.
811 3158 900 3190 Ann.
925 3157 966 3195 2,
998 3156 1058 3188 73:

195 3207 317 3240 diversi
358 3205 676 3248 interpretabantur.
715 3223 752 3229 —
787 3207 824 3239 in
866 3206 1062 3239 deditionem

194 3255 346 3298 υοηόοηει]
381 3257 437 3289 «Si
463 3255 571 3289 frater
601 3264 684 3289 cum
714 3254 944 3298 popularibus
974 3255 1058 3295 suis,

196 3303 321 3338 saltem
348 3314 413 3339 suo
442 3313 527 3339 cum
554 3306 723 3338 comitatu
750 3304 825 3347 (mit
849 3306 941 3338 sinen
967 3304 1060 3347 man)

197 3352 360 3389 Romanis
381 3363 462 3389 sese
484 3353 710 3388 subiiceret.»
744 3355 893 3388 Prorsus
911 3362 1061 3396 genera-

197 3397 269 3437 lem
290 3410 370 3439 esse
389 3404 620 3438 sententiam:
645 3403 878 3446 «cuicumque
899 3403 936 3437 in
959 3402 1061 3437 dedi-

1103 2063 1213 2103 poe‘tis
1225 2065 1403 2094 vocantur.
1429 2062 1565 2094 Seneca
1581 2061 1713 2094 Phoen.
1731 2061 1810 2094 340:
1834 2061 1976 2094 Facibus

1102 2113 1204 2154 petite
1234 2112 1422 2153 penetrales
1457 2112 1543 2144 deos.
1590 2111 1675 2144 Oed.
1709 2111 1795 2144 265:
1834 2112 1910 2144 iuro
1925 2129 1976 2138 --

1101 2170 1229 2204 perque
1251 2162 1439 2203 penetrales
1460 2161 1547 2194 deos.
1587 2160 1798 2202 Exquisitius
1829 2163 1883 2194 est
1910 2170 1975 2204 pro

1109 2212 1159 2245 dis
1174 2213 1300 2253 patriis
1321 2212 1368 2254 (4,
1392 2212 1445 2252 59)
1477 2213 1513 2244 et
1542 2211 1612 2244 hoc
1639 2210 1783 2253 quidem
1812 2210 1890 2244 loco
1911 2220 1976 2244 va-

1108 2261 1222 2294 riandi
1245 2269 1353 2294 causa
1381 2260 1553 2303 positum,
1590 2260 1672 2302 quia
1700 2261 1897 2302 praecessit
1923 2261 1977 2303 fas

1103 2312 1252 2352 patriae.
1278 2311 1328 2343 Cf.
1348 2311 1402 2351 44,
1421 2310 1480 2343 ⁴6:
1504 2320 1572 2343 non
1586 2311 1693 2343 alium
1704 2311 1864 2352 infensius
1877 2319 1977 2343 arma

1109 2364 1228 2394 contra
1252 2362 1405 2401 patriam
1434 2369 1475 2393 ac
1509 2361 1616 2393 deos
1642 2364 1843 2401 penates
1875 2370 1977 2401 quam

1102 2414 1280 2452 parentem
1293 2411 1363 2443 eius
1377 2409 1544 2453 (Flavum)
1561 2411 1755 2443 exercuisse.
1778 2428 1814 2434 -
1832 2412 1978 2444 desertor

1110 2464 1142 2494 et
1165 2460 1330 2502 proditor]
1365 2460 1499 2493 Eadem
1529 2459 1702 2494 vocabula
1735 2461 1926 2502 iunguntur
1956 2469 1976 2492 a

1111 2512 1264 2545 Caesare
1287 2512 1327 2544 B.
1352 2512 1391 2543 G.
1417 2511 1450 2551 6,
1474 2510 1534 2543 23:
1566 2511 1624 2551 qui
1646 2519 1690 2544 ex
1716 2511 1767 2543 his
1787 2513 1890 2544 secuti
1910 2521 1977 2544 non

1110 2564 1205 2602 sunt,
1239 2561 1276 2593 in
1304 2561 1507 2594 desertorum
1537 2569 1578 2593 ac
1601 2561 1814 2601 proditorum
1840 2570 1978 2594 numero

1112 2612 1292 2644 ducuntur.
1313 2628 1349 2634 -—
1366 2610 1561 2652 imperator]
1586 2611 1636 2644 De
1651 2610 1813 2645 barbaris
1829 2611 1978 2644 ducibus

1111 2661 1203 2693 hanc
1223 2669 1351 2694 vocem
1374 2660 1512 2693 Tacitus
1534 2661 1717 2703 usurpavit
1739 2661 1846 2694 etiam
1869 2670 1901 2694 c.
1922 2660 1976 2693 45.

1155 2761 1209 2792 44.
1226 2769 1243 2792 e
1256 2768 1395 2792 numero
1412 2759 1679 2800 primipilarium
1692 2761 1860 2803 Aemilius]
1878 2761 1928 2794 Cf.
1943 2760 1975 2801 4,

1111 2808 1165 2842 42.
1185 2826 1221 2832 --
1247 2809 1483 2850 Chariovalda]
1507 2809 1576 2842 hoc
1598 2818 1668 2842 uno
1692 2809 1770 2843 loco
1798 2819 1979 2843 memora-

1111 2861 1179 2892 tus.
1201 2877 1237 2882 —
1261 2859 1408 2900 saltibus]
1431 2858 1612 2892 Ablativus
1635 2861 1708 2900 est,
1733 2869 1804 2893 non
1827 2860 1976 2900 dativus,

1109 2909 1149 2941 ut
1182 2907 1264 2940 alibi
1299 2907 1447 2948 assolet,
1482 2917 1517 2941 v.
1553 2916 1585 2941 c.
1614 2909 1687 2941 Liv.
1713 2909 1773 2950 36,
1809 2910 1869 2942 30:
1909 2910 1979 2941 cir-

1109 2959 1307 2990 cumiectum
1336 2958 1454 2998 templo
1482 2967 1615 3000 aar-mn.
1655 2956 1769 2991 Saltus
1797 2957 1978 3001 planitiem

1111 3006 1316 3049 cingebant,
1341 3016 1412 3040 non
1434 3006 1594 3050 planities
1618 3007 1739 3042 saltus.
1765 3026 1800 3032 —
1824 3007 1976 3049 sawitia]

1111 3058 1134 3090 i.
1167 3066 1199 3090 e.
1230 3057 1474 3099 vehementia,
1514 3059 1667 3100 impetu,
1707 3059 1746 3091 ut
1776 3060 1814 3098 4,
1849 3059 1903 3091 67.
1938 3075 1975 3080 -

1104 3106 1361 3149 perfrinqerent]
1386 3107 1437 3140 Cf.
1455 3108 1488 3147 4,
1507 3107 1567 3141 643
1587 3107 1795 3149 perfringere
1809 3108 1975 3140 stationes,

1111 3158 1198 3190 nist.
1215 3157 1250 3198 2,
1274 3158 1334 3191 24:
1354 3158 1602 3200 perfringendis
1623 3157 1861 3198 obruendisque
1881 3159 1979 3191 hosti-

1110 3206 1180 3239 bus.
1221 3207 1360 3240 Curtius
1383 3207 1416 3248 7,
1447 3207 1480 3247 9,
1511 3208 1570 3240 40:
1606 3207 1753 3246 equitum
1779 3209 1977 3240 turmae--

1103 3255 1294 3298 perfregere
1323 3255 1546 3289 barbarorum
1567 3256 1683 3288 aciem.
1712 3272 1748 3278 —
1773 3256 1978 3290 densissimos

1109 3305 1309 3347 inrumpens]
1343 3306 1395 3338 De
1422 3305 1684 3338 constructione
1708 3303 1752 3337 cf.
1782 3305 1819 3345 4,
1843 3304 1897 3339 48.
1934 3307 1971 3346 2,

1110 3354 1164 3388 26.
1195 3355 1249 3388 62.
1285 3354 1325 3396 6,
1348 3353 1402 3388 33.
1442 3355 1529 3387 Hist.
1559 3354 1596 3394 4,
1627 3353 1681 3386 64.
1712 3353 1768 3387 82.
1795 3353 1836 3395 3,
1861 3354 1893 3388 9.
1919 3354 1974 3388 47.

1110 3402 1143 3445 4,
1167 3404 1222 3438 46.
1246 3403 1301 3438 60.
