2254 3770
339 315 422 360 404

826 317 872 361 Ρ.
904 316 1156 362 CORNELII
1185 317 1354 362 TACITI
1383 318 1651 364 ANNALIUM

340 422 519 481 degredi
559 423 689 468 iubet.
733 437 784 468 ac
822 437 876 468 ne
906 430 1033 468 coetu
1063 423 1335 468 salutantium
1365 423 1723 483 frequentaretur,
1755 434 1927 486 separat
1954 427 2129 473 domum

340 506 605 558 matremque
643 499 842 544 transfert
878 500 920 542 in
950 513 1066 551 eam,
1099 513 1212 558 quae
1242 500 1446 544 Antoniae
1483 492 1639 553 fuerat,
1682 503 1879 561 quotiens
1909 503 2003 561 ipse
2031 503 2131 548 illuc

338 575 582 626 ventitaret,
616 581 790 632 saeptus
819 575 945 619 turba
975 575 1271 619 centurionum
1301 581 1344 619 et
1372 582 1470 633 post
1499 576 1631 621 breve
1653 577 1850 622 osculum
1871 577 2130 636 digrediens.

340 649 421 707 (49)
460 650 561 694 nihil
601 664 747 695 rerum
775 649 1019 694 mortalium
1047 656 1133 694 tam
1162 650 1358 695 instabile
1387 665 1439 696 ac
1469 650 1632 696 fluxum
1661 659 1727 696 est
1755 667 1884 712 quam
1915 653 2026 699 fama
2052 667 2132 713 po-

306 726 495 770 etentiae
526 740 610 770 non
640 740 720 770 sua
748 726 789 770 vi
819 726 957 770 nixae.
995 727 1135 770 statim
1163 725 1359 770 relictum
1379 727 1636 785 Agrippinae
1665 727 1807 773 limen.
1838 743 1966 773 nemo
1991 728 2130 782 solari,

338 815 464 845 nemo
494 801 614 846 adire
645 808 817 860 praeter
845 815 1005 859 paucas
1035 802 1234 853 feminas,

1268 816 1416 846 amore
1447 816 1503 845 an
1532 802 1632 847 odio
1662 803 1862 849 incertas.
1895 818 1949 849 ex
1975 805 2133 864 quibus

338 884 430 922 erat
457 878 577 921 Iunia
607 877 768 929 Silana,
801 891 933 936 quam
962 878 1231 922 matrimonio
1266 878 1311 922 C.
1341 877 1416 922 Sili
1446 892 1472 922 a
1502 878 1726 923 Messalina
1752 879 1977 938 depulsam
2002 894 2134 939 supra

337 953 495 1005 rettuli,
536 953 713 1011 insignis
754 967 914 1012 genere
952 953 1086 997 forma
1125 952 1299 997 lascivia
1333 960 1376 998 et
1407 954 1662 1012 Agrippinae
1693 954 1767 998 diu
1797 969 1994 1013 percara,
2035 969 2135 1000 mox

337 1028 515 1074 occultis
544 1028 656 1073 inter
685 1042 760 1072 eas
791 1027 1119 1079 offensionibus,
1153 1028 1256 1086 quia
1287 1028 1479 1072 Sextium
1505 1028 1766 1082 Africanum,
1799 1029 1984 1074 nobilem
2013 1031 2133 1076 iuve-

286 1114 323 1145 4ο
337 1118 455 1156 nem,
496 1118 522 1148 a
552 1103 709 1162 nuptiis
746 1103 915 1148 Silanae
945 1103 1210 1148 deterruerat
1240 1104 1494 1162 Agrippina,
1539 1104 1784 1162 inpudicam
1815 1112 1858 1149 et
1885 1112 2133 1164 vergentem

336 1179 458 1224 annis
487 1179 701 1231 dictitans,
745 1193 831 1223 non
859 1185 906 1223 ut
934 1179 1176 1223 Africanum
1204 1179 1287 1223 sibi
1317 1186 1564 1238 seponeret,
1611 1180 1691 1225 sed
1721 1195 1776 1224 ne
1806 1180 1961 1239 opibus
1990 1188 2034 1226 et
2061 1195 2132 1226 or-

335 1256 464 1300 bitate
494 1254 663 1300 Silanae
692 1256 869 1298 maritus
898 1261 1129 1313 poteretur.
1176 1254 1264 1306 illa,
1298 1268 1376 1312 spe
1408 1254 1579 1298 ultionis
1610 1255 1776 1307 oblata,
1809 1263 1932 1314 parat
1956 1270 2133 1302 accusa-

336 1338 452 1375 tores
491 1345 544 1375 ex
583 1330 809 1375 clientibus
848 1331 959 1382 suis,
1007 1330 1183 1375 Iturium
1223 1337 1267 1374 et
1295 1330 1542 1382 Calvisium,
1591 1344 1677 1375 non
1710 1338 1859 1377 vetera
1887 1338 1931 1376 et
1959 1332 2133 1391 saepius

336 1407 421 1451 iam
442 1406 589 1451 audita
608 1405 827 1458 deferens,
860 1405 977 1464 quod
998 1406 1226 1450 Britannici
1246 1412 1431 1450 mortem
1450 1405 1614 1464 lugeret
1636 1413 1708 1451 aut
1729 1407 1936 1452 Octaviae
1955 1408 2133 1453 iniurias
2162 1458 2173 1463 ,

287 1492 325 1522 45
338 1482 571 1540 evulgaret,
605 1481 683 1526 sed
714 1481 996 1526 destinavisse
1027 1495 1123 1525 eam
1152 1480 1394 1526 Rubellium
1427 1480 1638 1534 Plautum,
1670 1496 1749 1540 per
1778 1490 2014 1528 maternam
2048 1484 2135 1528 ori-

337 1559 478 1617 ginem
507 1557 599 1616 pari
629 1571 680 1601 ac
708 1558 821 1601 Nero
852 1556 988 1614 gradu
1017 1570 1043 1601 a
1072 1556 1172 1601 divo
1201 1561 1409 1615 AugustO,
1443 1557 1498 1601 ad
1528 1571 1598 1602 res
1630 1571 1763 1603 novas
1794 1558 1998 1604 extollere
2029 1572 2132 1604 con-

338 1634 542 1693 iugioque
580 1633 674 1677 eius
712 1638 754 1677 et
789 1632 874 1676 iam
911 1633 1079 1691 inperio
1119 1646 1209 1677 rem
1250 1646 1291 1691 p.
1322 1646 1472 1678 rursus
1501 1633 1718 1679 invadere.
1769 1634 1876 1679 haec
1904 1634 2060 1678 Iturius
2091 1640 2136 1679 et

404 1794 437 1826 4.
462 1792 596 1835 degredi
623 1791 821 1825 Ernestius:
854 1791 984 1834 digredi
1006 1791 1040 1825 M
1072 1810 1107 1816 -
1137 1795 1248 1825 coetus
1275 1800 1330 1834 pr.
1356 1793 1391 1826 M
1419 1810 1453 1816 -
1486 1792 1519 1826 2.
1544 1794 1678 1826 antonio
1700 1794 1752 1832 M;
1778 1794 1951 1835 'proaviae
1971 1793 2136 1827 Antoniae
2203 1835 2208 1846 ζ

339 1848 556 1892 Nipperdey.
581 1866 626 1872 —
653 1847 686 1882 4.
710 1847 812 1881 nichil
833 1848 867 1881 M
894 1866 929 1872 -
960 1849 993 1881 ὅ.
1018 1848 1122 1881 nixae
1145 1848 1299 1891 Lipsius:
1330 1849 1417 1882 nixa
1439 1849 1472 1882 M
1510 1866 1545 1873 -—
1580 1849 1612 1881 6.
1635 1850 1783 1882 incertas
1804 1850 1856 1884 M:
1886 1851 2051 1884 incertum
2077 1849 2135 1884 alii

343 1903 420 1938 coll.
447 1903 506 1946 44,
532 1904 564 1938 9.
589 1906 645 1939 54.
671 1905 723 1946 45,
749 1904 804 1938 38.
830 1904 916 1938 Hist.
942 1906 974 1946 4,
999 1905 1053 1939 75.
1079 1904 1111 1946 4,
1135 1905 1167 1939 6.
1192 1906 1274 1948 Agr.
1291 1905 1324 1939 7.
1344 1923 1378 1929 -
1406 1905 1439 1939 7.
1463 1906 1562 1939 Iunia
1583 1906 1738 1948 Lipsius:
1767 1907 1854 1940 iulia
1875 1907 1909 1941 M
1930 1925 1974 1932 -
1997 1907 2034 1941 C.
2050 1906 2137 1940 Silia

340 1961 519 1995 nwssalina
539 1962 574 1995 M
598 1979 635 1985 —
660 1961 692 1995 8.
718 1961 885 1994 lausciuia
906 1962 941 1996 M
966 1981 1002 1986 —
1029 1963 1082 1996 40.
1107 1962 1212 1996 silane
1234 1962 1269 1997 M
1293 1980 1329 1986 —
1356 1963 1410 1995 42.
1435 1971 1490 2004 spe
1511 1963 1648 1996 ultionis
1669 1963 1824 2006 Lipsius:
1849 1963 2082 2004 speculationis
2101 1962 2136 1997 M

344 2034 382 2043 -
401 2018 454 2052 43.
474 2017 640 2052 Titurium
662 2016 818 2051 malebat
841 2018 978 2061 Lipsius
996 2017 1073 2052 coll.
1095 2017 1148 2059 44,
1167 2018 1219 2052 42.
1241 2036 1278 2043 -
1305 2018 1358 2052 44.
1385 2019 1538 2068 differens
1559 2020 1592 2052 M
1618 2038 1655 2044 —
1680 2019 1874 2053 brittannici
1895 2020 1930 2053 M
1947 2037 1983 2044 -—
2007 2018 2138 2053 octavio

342 2075 376 2109 M
402 2093 438 2099 —
464 2075 518 2108 46.
542 2075 707 2109 Neronem
729 2074 904 2108 Heinsius.
932 2092 968 2098 —
1000 2074 1074 2108 dibo
1098 2075 1131 2109 M
1157 2091 1193 2099 -
1225 2075 1279 2108 47.
1305 2075 1406 2109 etiam
1430 2076 1526 2117 perio
1550 2076 1601 2115 M;
1633 2078 1664 2109 et
1690 2076 1829 2119 imperio
1851 2075 2069 2120 Nipperdey.

342 2207 439 2256 poris
463 2211 642 2246 custodes.
680 2213 825 2245 Sueton.
851 2211 960 2254 Calig.
986 2211 1040 2245 43.
1072 2213 1136 2246 Dio
1159 2213 1214 2254 55,

343 2263 398 2298 24.
434 2264 512 2297 Huc
543 2264 665 2297 autem
688 2262 843 2296 refertur
865 2264 1009 2296 Sueton.
1046 2264 1127 2296 Ner.
1154 2263 1213 2297 34:

342 2323 425 2348 mox
445 2317 477 2347 et
497 2314 620 2347 honore
641 2315 732 2347 omni
749 2317 781 2347 et
791 2316 954 2355 potestate
965 2314 1116 2355 privavit
1132 2315 1218 2356 (ma-

344 2366 437 2398 trem
459 2364 585 2406 Nero),
619 2364 826 2405 abdmtaque
856 2364 999 2397 militwm
1022 2367 1053 2397 et
1075 2364 1217 2397 Germa-

341 2423 464 2447 norum
484 2415 627 2448 statione
648 2414 862 2447 contubernio
879 2422 1007 2455 quoque
1027 2423 1068 2447 ac
1089 2414 1217 2447 Palatio

341 2464 483 2506 eae-pulit.
503 2482 538 2489 -
557 2464 740 2506 Antoniae]
763 2463 820 2497 vel
843 2464 1000 2506 maioris,
1026 2472 1117 2506 quae
1142 2465 1218 2497 erat

343 2515 421 2548 avia
444 2515 612 2555 Neronis,
643 2513 700 2547 vel
723 2514 869 2548 minoris
883 2539 891 2555 ,
926 2523 1017 2556 quae
1042 2515 1118 2547 erat
1140 2514 1217 2547 avia

344 2564 567 2607 Agrippinae,
593 2565 743 2598 Neronis
766 2565 921 2607 proavia.
947 2563 1036 2597 Vide
1052 2563 1098 2596 ad
1113 2564 1146 2605 4,
1161 2563 1214 2598 44.

389 2665 442 2698 49.
468 2664 558 2707 odio]
589 2665 628 2697 ut
658 2663 869 2707 depressam
900 2665 971 2698 iam
995 2665 1069 2698 eius
1093 2664 1218 2698 condi-

345 2715 486 2749 cionem
516 2715 615 2757 ipsae
646 2723 717 2747 non
748 2715 825 2748 sine
849 2716 989 2748 secreto
1013 2715 1140 2756 gaudio
1164 2715 1219 2747 in-

345 2765 536 2809 spicerent.
565 2783 602 2789 —
626 2765 788 2807 incertas]
819 2764 870 2797 Cf.
896 2765 950 2805 44,
976 2765 1015 2798 9:
1049 2764 1220 2798 distractis

346 2815 491 2849 Orientis
505 2814 633 2847 viribus
648 2817 681 2848 et
695 2823 841 2856 quonam
855 2814 1058 2848 inclinarent
1070 2815 1216 2849 incertis.

348 2884 385 2891 —
409 2866 510 2898 Iunia
531 2865 668 2905 Silana]
702 2864 753 2898 Cf.
781 2865 835 2905 44,
861 2865 915 2897 42.
947 2864 1083 2907 Lipsius
1106 2865 1219 2898 credit

345 2924 508 2950 sororem
520 2923 600 2948 esse
614 2915 722 2948 Marci
734 2914 901 2956 Luciique
915 2913 1112 2947 Silanorum
1126 2915 1217 2957 (vide

346 2966 392 3000 ad
416 2967 470 3007 42,
495 2965 546 3008 3),
579 2964 764 2998 Reinesius
794 2966 830 2997 et
859 2964 1011 3006 Ryckius
1041 2964 1148 2997 filiam
1171 2966 1215 2999 M.

346 3015 452 3049 Silani
475 3013 629 3048 consulis
653 3023 685 3047 a.
711 3023 747 3046 u.
773 3014 855 3052 772,
881 3014 1095 3056 Borghesius
1109 3014 1216 3048 filiam

346 3068 385 3100 L.
403 3065 508 3100 Silani
530 3063 684 3098 consulis
707 3063 845 3096 suffecti
868 3072 900 3096 a.
918 3073 954 3097 u.
973 3064 1048 3098 780.
1069 3082 1105 3088 —
1130 3065 1219 3098 Sex-

345 3117 430 3150 tium
450 3113 665 3158 Africanum]
698 3112 881 3146 consulem
909 3113 1099 3147 suffectum
1121 3122 1154 3147 a.
1178 3123 1214 3147 u.

348 3167 424 3200 842.
451 3165 502 3199 Cf.
522 3164 575 3206 44,
596 3163 650 3197 46.
675 3163 715 3195 In
737 3163 831 3196 Actis
854 3164 909 3196 Fr.
926 3164 1007 3197 Arv.
1026 3163 1110 3197 Tab.
1128 3165 1214 3198 XIV.

347 3216 470 3251 Marini
492 3224 528 3258 p.
548 3213 665 3248 CXVII
689 3213 889 3246 nominatur
913 3213 946 3246 T.
971 3214 1108 3247 Sextius
1129 3213 1218 3256 Afri-

346 3275 463 3300 canus.
495 3264 545 3298 Cf.
571 3265 701 3297 Inscrr.
727 3262 815 3295 Latt.
850 3271 884 3295 n.
910 3262 1008 3296 7449.
1038 3280 1072 3287 -
1103 3264 1218 3306 opibus

347 3319 378 3349 et
399 3314 551 3357 orbitate]
575 3314 598 3346 i.
616 3322 648 3346 e.
675 3311 819 3355 opibus,
844 3320 936 3353 quae
961 3314 1107 3354 propter
1128 3312 1216 3346 Sila-

347 3373 413 3398 nae
426 3363 616 3397 orbitatem
627 3362 674 3395 ad
685 3361 841 3395 Sextium
853 3363 1088 3403 perventurae
1102 3364 1212 3395 erant.

349 3431 385 3438 —
409 3415 554 3448 Iturium
574 3416 608 3447 et
629 3410 821 3453 Calvisium]
846 3410 898 3444 Cf.
924 3419 955 3444 e.
973 3411 1016 3445 22
1036 3413 1072 3444 et
1087 3411 1140 3453 44,
1158 3413 1211 3446 42.

347 3480 384 3489 -
411 3465 571 3499 Octaviae
589 3461 747 3505 iniurias]
776 3462 798 3495 i.
825 3469 857 3495 e.
881 3461 1025 3495 iniurias
1049 3462 1212 3496 Octaviae

1266 2212 1311 2246 ab
1341 2214 1480 2246 Nerone
1513 2211 1636 2247 illatas.
1673 2212 1724 2247 Cf.
1751 2222 1781 2247 c.
1808 2214 1861 2247 42.
1892 2229 1928 2238 -
1953 2212 2139 2247 Rubellium

1265 2263 1431 2304 Plautum]
1456 2263 1507 2296 Cf.
1534 2262 1587 2303 44,
1611 2263 1654 2296 22
1671 2264 1707 2296 et
1720 2264 1774 2297 57.
1794 2264 1847 2304 46,
1867 2264 1919 2297 40.
1941 2281 1978 2289 -
1997 2264 2080 2306 pari
2094 2272 2138 2297 ae

1266 2315 1356 2347 Nero
1369 2313 1492 2356 gradu]
1511 2315 1547 2347 et
1563 2313 1708 2356 quidem
1724 2315 1863 2356 quarto,
1886 2322 1970 2348 cum
1983 2315 2136 2357 uterque

1267 2365 1312 2398 sit
1334 2365 1479 2405 Augusti
1501 2364 1673 2407 abnepos.
1709 2363 1889 2398 Rubellius
1913 2365 2010 2399 enim
2030 2364 2138 2398 Blan-

1267 2414 1351 2455 dus,
1376 2413 1486 2447 Plauti
1501 2417 1614 2456 pater,
1632 2415 1780 2448 maritus
1797 2415 1875 2448 erat
1898 2413 2017 2456 Iuliae,
2033 2414 2138 2448 Drusi

1267 2464 1359 2498 filiae
1390 2464 1444 2506 (cf.
1470 2464 1503 2506 3,
1528 2465 1581 2498 29.
1609 2466 1647 2505 6,
1672 2465 1750 2507 27),
1783 2464 1911 2498 Tiberii
1942 2465 2071 2508 neptis.
2096 2482 2134 2489 -

1266 2518 1298 2548 et
1325 2515 1412 2556 iam]
1444 2516 1551 2556 atque
1581 2514 1688 2556 adeo,
1723 2515 1793 2548 und
1824 2523 1928 2558 soqar
1948 2515 2047 2549 anch.
2081 2514 2134 2549 Cf.

1268 2564 1369 2598 Hand
1392 2565 1491 2597 Turs.
1516 2565 1581 2605 111,
1606 2573 1640 2607 p.
1660 2564 1735 2598 438.
1760 2565 1822 2598 Est
1843 2565 1964 2607 igitur:
1991 2564 2138 2608 «Agrip-

1266 2615 1388 2657 pinam
1410 2613 1447 2646 1d
1469 2612 1601 2655 moliri,
1628 2615 1666 2647 ut
1687 2613 1846 2647 Rubellio
1867 2614 2029 2657 coniuge,
2053 2613 2136 2648 dein

1268 2665 1375 2698 etiam
1397 2664 1611 2706 imperatore
1635 2664 1746 2705 facto,
1771 2664 1847 2707 ipsa
1869 2672 1994 2698 rursus
2014 2671 2138 2698 rerum

1267 2716 1479 2758 potiretur.»
1517 2732 1553 2738 -
1583 2714 1771 2757 Domitiae]
1802 2715 1935 2748 sororis
1963 2715 2137 2748 Domitiae

1269 2765 1441 2808 Lepidae,
1467 2773 1574 2807 quam
1598 2765 1768 2807 pervertit
1783 2765 1983 2808 Agrippina.
2010 2764 2061 2799 Cf.
2079 2765 2135 2806 42,

1269 2815 1311 2849 64
1334 2816 1370 2848 et
1392 2815 1445 2847 65.
1477 2815 1558 2857 Ipsa
1574 2823 1594 2847 a
1610 2817 1750 2848 Nerone
1771 2815 1895 2848 necata
1911 2816 1985 2855 est;
2011 2814 2055 2849 cf.
2071 2815 2137 2848 Dio

1269 2864 1322 2905 64,
1338 2864 1391 2897 47.
1413 2864 1558 2897 Sueton.
1572 2866 1653 2898 Ner.
1671 2864 1724 2898 34.
1747 2882 1782 2888 —
1800 2865 1932 2907 infensa
1945 2862 2136 2906 mulatio]

1270 2915 1455 2948 Passienus
1479 2915 1575 2948 enim
1592 2916 1737 2957 Crispus
1757 2923 1838 2948 cum
1861 2915 2010 2949 Domitia
2026 2922 2136 2948 uxore

1269 2965 1458 2999 divortium
1486 2965 1629 2998 videtur
1657 2965 1804 3006 fecisse,
1843 2966 1884 2998 ut
1908 2965 2136 3008 Agrippinam

1268 3017 1303 3049 in
1326 3015 1589 3049 matrimonium
1612 3014 1771 3049 duceret.
1797 3015 1936 3056 Quintil.
1963 3017 1996 3056 6,
2021 3016 2054 3056 4,
2071 3014 2133 3048 6οτ

1267 3065 1356 3109 quod
1377 3067 1423 3098 est
1444 3073 1548 3107 genus
1569 3065 1699 3108 egregie
1721 3068 1905 3099 tractam
1925 3073 1949 3098 a
1968 3065 2134 3106 Passieno,

1267 3125 1344 3149 cum
1356 3115 1524 3149 Domitiae
1545 3116 1666 3149 uxoris
1687 3124 1767 3150 suae
1783 3115 1986 3157 pecuniae-ta
1999 3115 2057 3149 lite
2069 3114 2135 3148 aa·

1265 3175 1380 3200 versus
1400 3166 1541 3208 fratrem
1562 3167 1633 3199 eius
1653 3166 1902 3200 Ahenobarbum
1922 3168 2046 3209 caeru.
2078 3163 2131 3200 Cf.

1268 3216 1300 3256 6,
1317 3216 1373 3249 20.
1389 3233 1434 3239 —-
1456 3216 1627 3259 atrociter]
1649 3217 1711 3249 mit
1731 3216 1822 3250 recht
1842 3214 2135 3249 saiwai-mirw-

1266 3264 1343 3306 ben,
1367 3264 1405 3298 id
1420 3266 1490 3306 est,
1516 3265 1732 3299 intendendo
1747 3263 1945 3309 periculum
1960 3265 1996 3298 et
2010 3263 2134 3299 deum

1266 3314 1418 3356 quendjs
1441 3313 1550 3349 rebus
1573 3315 1608 3348 in
1630 3315 1744 3358 peius.
1767 3315 1872 3348 Bion.

1309 3415 1362 3448 20.
1388 3415 1489 3449 luam
1510 3414 1687 3455 intendere]
1706 3414 1834 3447 mimos
1848 3413 1986 3455 agendo
2001 3412 2131 3447 obsce-⁶

1263 3471 1329 3497 nos
1352 3463 1398 3497 ad
1420 3463 1614 3507 potandum
1637 3465 1674 3497 et
1688 3463 1734 3497 ad
1749 3461 1964 3506 voluptatem
1982 3462 2130 3496 inuitu-
