2254 3770
688 331 843 376 LIBER
870 330 978 375 XIII.
1023 329 1125 388 Cap.
1155 330 1223 374 34.
1252 330 1320 374 35.
1347 331 1414 374 36.

1867 330 1949 374 4⁴7

164 437 389 482 Germania
417 437 530 495 legio
561 452 658 482 cum
689 438 905 497 equitibus
934 437 1078 482 alariis
1107 443 1149 481 et
1176 437 1367 495 peditatu
1389 436 1639 482 cohortium.
1669 443 1948 496 retentusque

162 513 299 557 omnis
319 513 531 557 exercitus
552 513 632 557 sub
652 513 856 572 pellibus,
880 513 1075 572 quamvis
1097 512 1238 557 hieme
1254 527 1384 557 saeva
1399 513 1523 566 adeo,
1545 519 1592 557 ut
1605 513 1791 558 obducta
1812 513 1947 571 glacie

161 588 241 632 nisi
282 588 437 632 effossa
476 589 629 632 humus
670 589 861 633 tentoriis
900 588 1043 633 locum
1080 602 1166 632 non
1205 589 1445 647 praeberet.
1496 589 1677 633 ambusti
1718 588 1949 633 multorum

161 670 277 707 artus
306 664 347 706 vi
375 664 564 722 frigoris,
597 671 640 708 et
668 664 842 723 quidam
873 664 982 708 inter
1010 663 1214 708 excubias
1244 665 1468 709 exanimati
1489 671 1601 710 sunt.
1635 665 1948 723 adnotatusque

161 738 303 790 miles,
349 739 422 797 qui
458 739 618 784 fascem
656 739 868 797 lignorum
901 740 1114 797 gestabat,
1146 739 1202 784 ita
1232 741 1521 799 praeriguisse
1551 754 1721 791 manus,
1751 747 1798 784 ut
1827 740 1979 784 oneris

159 813 443 859 adhaerentes
471 816 633 859 truncis
662 815 849 860 brachiis
879 815 1140 861 deciderent.
1170 815 1266 873 ipse
1285 815 1400 860 cultu
1419 815 1515 868 levi,
1548 817 1687 875 capite
1707 816 1876 868 intecto,
1904 816 1947 858 in

160 890 348 949 agmine,
380 891 423 934 in
452 889 672 934 laboribus
701 890 904 949 frequens
933 891 1111 944 adesse3
1154 890 1326 935 laudem
1356 892 1563 944 strenuis,
1596 891 1802 936 solacium
1831 892 1949 936 inva-

159 965 274 1018 lidis,
306 966 551 1025 exemplum
579 967 777 1011 omnibus
807 966 1049 1012 ostendere.
1082 966 1237 1011 dehinc
1257 967 1359 1025 quia
1388 966 1587 1011 duritiam
1618 967 1724 1012 caeli
1753 967 1949 1012 militiae-

160 1056 246 1100 que
274 1041 393 1086 multi
423 1042 668 1086 abnuebant
698 1042 1063 1101 deserebantque,
1093 1042 1334 1087 remedium
1360 1043 1588 1087 severitate
1607 1043 1849 1101 quaesitum
1869 1049 1947 1087 est.

159 1131 240 1162 nec
284 1118 415 1170 enim,
459 1124 508 1162 ut
546 1119 588 1161 in
625 1117 717 1162 aliis
756 1118 1034 1170 exercitibus,

1079 1119 1263 1177 primum
1297 1117 1563 1177 alterumque
1594 1118 1796 1163 delictum
1823 1119 1998 1163 veniaio

159 1193 518 1252 prosequebatur,
565 1193 643 1238 sed
683 1194 756 1253 qui
801 1195 921 1253 signa
960 1193 1192 1252 reliquerat
1234 1193 1375 1237 statim
1409 1194 1548 1252 capite
1587 1207 1750 1251 poenas
1790 1194 1947 1239 luebat.

158 1268 290 1328 idque
320 1283 403 1312 usu
434 1269 607 1314 salubre
637 1276 679 1314 et
708 1269 1007 1314 misericordia
1025 1269 1178 1313 melius
1199 1269 1419 1328 apparuit:
1450 1269 1611 1327 quippe
1631 1270 1859 1327 pauciores
1878 1269 1949 1314 illa

158 1351 298 1390 castra
327 1344 563 1389 deseruere
589 1359 718 1403 quam
749 1359 812 1397 ea,
844 1345 887 1389 in
908 1345 1066 1404 quibus
1096 1344 1408 1402 ignoscebatur.
1455 1345 1537 1402 (36)
1568 1345 1736 1389 interim
1761 1346 1948 1390 Corbulo

157 1420 398 1479 legionibus
427 1420 537 1465 intra
567 1427 705 1465 castra
735 1420 907 1473 habitis,
940 1420 1078 1465 donec
1108 1435 1184 1465 ver
1212 1419 1501 1473 adolesceret,
1533 1419 1839 1480 dispositisque
1869 1435 1949 1480 per

158 1496 339 1540 idoneos
368 1496 488 1540 locos
526 1496 772 1541 cohortibus
809 1496 1060 1551 auxiliariis,
1090 1510 1144 1540 ne
1174 1509 1359 1554 pugnam
1389 1495 1557 1554 priores
1586 1496 1795 1541 auderent
1822 1511 1949 1555 prae-
1962 1509 1998 1539 ⁴5

158 1571 272 1616 dicit.
327 1585 472 1616 curam
510 1572 826 1630 praesidiorum
862 1572 1016 1616 Paccio
1053 1571 1209 1624 Orfito,
1249 1571 1372 1630 primi
1415 1570 1489 1629 pili
1518 1570 1682 1616 honore
1711 1572 1946 1630 perfuncto,

155 1646 340 1691 mandat.
382 1648 420 1691 is
458 1661 719 1706 quamquam
755 1648 949 1692 incautos
989 1647 1199 1692 barbaros
1234 1653 1277 1691 et
1314 1647 1426 1691 bene
1461 1647 1678 1704 gerendae
1708 1648 1770 1692 rei
1801 1662 1949 1692 casum

158 1722 301 1767 offerri
342 1723 592 1781 scripserat,
630 1729 778 1768 tenere
818 1737 868 1768 se
898 1724 1171 1768 munimentis
1201 1728 1245 1767 et
1272 1722 1458 1766 maiores
1488 1722 1634 1781 copias
1665 1723 1852 1782 opperiri
1883 1724 1948 1767 iu-

159 1797 297 1843 betur.
327 1798 405 1843 sed
437 1805 562 1857 rupto
591 1799 791 1857 imperio,
823 1805 1050 1858 postquam
1081 1812 1247 1857 paucae
1277 1813 1302 1843 e
1331 1798 1537 1857 proximis
1567 1798 1753 1844 castellis
1782 1806 1948 1844 turmae

157 1874 422 1919 advenerant
450 1888 724 1933 pugnamque
755 1875 968 1932 imperitia
996 1875 1249 1933 poscebant,
1287 1887 1546 1932 congressus
1575 1888 1673 1919 cum
1703 1875 1826 1919 hoste
1854 1875 1996 1919 funsszo

156 1949 281 1994 ditur.
312 1956 355 1994 et
384 1949 540 1994 damno
570 1951 663 1995 eius
694 1950 883 1995 exterriti
916 1950 990 2009 qui
1020 1950 1261 1994 subsidium
1289 1950 1401 1994 ferre
1432 1949 1690 2001 debuerant,
1722 1964 1801 1995 sua
1827 1951 1948 2009 quis-

155 2039 242 2084 que
271 2025 315 2068 in
345 2032 485 2070 castra
514 2025 682 2084 trepida
711 2025 810 2085 fuga
828 2026 1012 2070 rediere.
1042 2025 1160 2085 quod
1180 2025 1365 2084 graviter
1385 2025 1572 2070 Corbulo
1591 2027 1776 2084 accepit,
1808 2027 1948 2071 incre-

154 2087 376 2160 pitumque
416 2101 617 2146 Paccium
645 2108 688 2146 et
725 2101 965 2159 praefectos
994 2101 1239 2160 militesque
1268 2101 1447 2146 tendere
1476 2108 1595 2146 extra
1623 2101 1780 2146 vallum
1810 2102 1944 2147 iussit.

219 2259 252 2293 3.
271 2259 470 2302 praeberent
491 2268 584 2293 corr.
609 2260 645 2293 in
662 2259 838 2301 praeberet
859 2261 894 2294 M
919 2279 955 2284 —
979 2260 1013 2294 5.
1037 2260 1128 2302 fasce
1150 2260 1184 2294 M
1210 2277 1246 2283 —
1271 2259 1303 2293 6.
1329 2260 1519 2294 adherentes
1540 2260 1575 2294 M
1600 2277 1637 2285 ——
1661 2260 1752 2294 cultu
1773 2261 1828 2295 eui
1849 2262 1883 2296 M
1904 2278 1941 2285 —

154 2315 189 2350 8.
213 2316 342 2349 duritia
362 2315 423 2349 celi
444 2316 479 2349 M
503 2333 539 2339 —
565 2316 705 2350 militiae
727 2325 790 2358 que
806 2315 940 2358 (divise)
957 2317 991 2350 M
1017 2334 1053 2340 --
1079 2317 1132 2349 44.
1151 2324 1260 2362 penas
1282 2316 1316 2350 M
1333 2333 1370 2339 —
1389 2317 1442 2349 ⁴5.
1461 2317 1622 2350 auderent
1635 2317 1714 2350 cod.
1732 2317 1941 2353 Vaticanus:

154 2373 310 2406 audirent
331 2373 383 2412 M;
415 2373 546 2406 adirent
574 2372 642 2406 alii.
668 2391 711 2398 —
739 2374 793 2406 ⁴6.
817 2374 934 2406 Paccio
956 2382 1021 2406 nos
1050 2371 1140 2415 (coll.
1166 2373 1220 2413 ⁴5,
1246 2373 1287 2406 42
1311 2375 1348 2405 et
1368 2373 1685 2416 inscriptionibus):
1709 2375 1824 2416 pactio
1845 2376 1880 2409 M
1904 2393 1941 2399 —

155 2429 208 2462 ⁴7.
233 2437 428 2470 quanquam
450 2429 484 2462 M
510 2447 547 2454 -
571 2430 713 2472 gerende
734 2430 769 2463 M
797 2447 832 2454 —
857 2429 911 2463 49.
933 2438 1049 2472 pauca
1071 2430 1105 2463 M
1132 2447 1167 2453 —
1192 2432 1301 2464 turmo
1321 2430 1355 2463 M
1381 2447 1417 2454 —-
1442 2429 1497 2463 23.
1521 2430 1678 2464 Paccium
1699 2439 1782 2465 nos:
1805 2432 1946 2474 pacium

154 2485 207 2526 M;
231 2485 382 2518 Paccium
404 2484 521 2528 vulgo.
547 2485 598 2520 Cf.
624 2495 658 2520 v.
684 2486 738 2520 ⁴6.

153 2621 302 2663 Hostem,
333 2623 446 2663 miles,
478 2622 576 2655 habes
603 2623 751 2665 fractum
773 2623 1025 2665 ambustumque

154 2673 277 2705 nivosis
291 2672 459 2706 Cautibus.
478 2691 510 2696 -
527 2673 770 2714 adnotatusque
781 2673 863 2716 cet.]
881 2674 1023 2707 Rariore

154 2731 223 2755 usu
245 2723 402 2755 adnotari
423 2721 658 2765 personaliter
679 2722 868 2756 adhibetur
889 2724 935 2757 ad
949 2733 1024 2757 mo-

155 2771 241 2804 dum
256 2771 450 2805 verborum
465 2773 577 2813 tradi,
601 2773 769 2813 nuntiari,
791 2773 966 2814 perhiberi.
984 2791 1017 2798 —

151 2821 397 2864 praeriguisse]
427 2822 604 2864 Significat
628 2823 724 2864 ipsas
745 2831 873 2856 manus
894 2823 1023 2865 trigore

153 2873 400 2914 praemortuas
428 2880 499 2905 una
528 2880 610 2904 cum
642 2872 737 2905 fasce
761 2871 944 2907 devolutas
966 2872 1023 2907 vel

154 2921 323 2955 abiectas.
345 2923 431 2954 Lus.
455 2921 616 2955 Verbum
639 2924 759 2955 autem
775 2923 1026 2965 praev-iaescere

154 2980 249 3004 nnnc
283 2973 338 3004 est
371 2967 476 3014 ἅπαξ
510 2969 729 3016 λεγόμενον.
758 2989 793 2996 -
819 2975 858 3005 ut
884 2973 921 3005 in
947 2973 1025 3005 aliis

154 3021 363 3063 werdtibus]
398 3023 461 3054 «ut
484 3030 504 3054 a
527 3022 749 3064 segnioribus
773 3022 924 3055 ducibus
946 3022 1024 3055 fieri

154 3073 231 3105 tum
253 3071 392 3106 solebat
414 3070 574 3114 soletque
591 3073 697 3105 etiam
714 3081 842 3106 nunc.»
862 3089 899 3096 -
923 3074 1023 3106 mise-

153 3123 305 3155 ricordia
318 3122 445 3162 mlius]
470 3122 570 3163 quia,
593 3121 655 3154 ubi
670 3121 880 3155 delictorum
895 3131 1023 3155 nume-

154 3180 216 3205 rus
239 3173 374 3206 sensim
398 3170 600 3212 crescebat,
625 3172 770 3205 tandem
793 3173 962 3206 severitas
985 3174 1024 3205 ut

154 3222 395 3263 adluberetun
418 3230 565 3265 prorsus
582 3223 827 3255 necessarium
850 3224 937 3262 erat,
957 3222 1023 3255 ad-

155 3281 270 3314 eoque
296 3271 416 3315 plures
443 3271 610 3314 puniendi
634 3279 741 3313 quam
764 3281 784 3304 a
807 3270 1020 3312 Corbulone,

154 3322 215 3364 qui
237 3323 356 3356 statim
380 3321 426 3355 ab
449 3321 547 3354 initio
562 3320 691 3354 durum
713 3321 902 3363 imperium
919 3329 1022 3354 exer-

155 3369 271 3404 cebet.

197 3420 251 3453 36.
274 3429 334 3454 ver
355 3421 562 3464 adolesceret]
587 3420 663 3453 «ita
678 3419 964 3462 progrederetur,
982 3421 1021 3453 ut

153 3472 225 3505 iam
247 3468 384 3512 trigoris
406 3470 541 3504 reditus
563 3468 777 3504 metuendus
799 3476 871 3503 non
890 3470 1019 3503 esset.»

220 3531 362 3566 TAcn'u!
382 3532 411 3567 1.

1075 2623 1127 2656 Cf.
1140 2624 1173 2664 2,
1191 2623 1245 2657 23.
1258 2641 1294 2647 -
1311 2632 1492 2666 puanam-
1504 2625 1677 2666 auderent]
1693 2626 1748 2659 Sic
1764 2627 1870 2660 aciem
1883 2636 1944 2660 au-

1073 2673 1150 2706 dere
1172 2674 1233 2714 ⁴2,
1258 2673 1301 2706 28
1325 2676 1361 2706 et
1382 2673 1443 2714 32,
1474 2675 1641 2715 proelium
1669 2676 1794 2709 audere
1822 2676 1861 2717 4,
1885 2676 1941 2718 49,

1066 2723 1257 2764 periculum
1285 2724 1321 2756 in
1350 2727 1467 2765 aperto
1497 2725 1622 2758 audere
1653 2725 1740 2758 Hist.
1764 2726 1796 2767 3,
1822 2727 1876 2760 76.
1903 2745 1939 2752 -

1068 2773 1172 2814 primi
1198 2773 1262 2814 pili
1284 2773 1408 2806 honore
1428 2774 1616 2817 perfuncto]
1640 2775 1739 2808 Idem
1758 2777 1862 2817 primi
1880 2778 1943 2818 pili

1073 2824 1221 2856 centurio
1242 2825 1390 2856 vocatur
1413 2824 1500 2857 infra
1517 2826 1571 2865 ⁴5,
1590 2826 1643 2858 ⁴2.
1665 2842 1701 2849 —
1726 2827 1943 2868 increpitum-

1073 2882 1136 2914 que
1150 2872 1233 2915 cet.]
1255 2874 1402 2907 Miretur
1423 2874 1598 2916 quispiam
1622 2875 1722 2908 ducis
1738 2877 1810 2909 tam
1826 2877 1943 2910 severi

1073 2922 1310 2963 clementiam,
1328 2924 1388 2964 qui
1402 2924 1656 2966 primipilarem
1672 2928 1776 2968 rupto
1793 2927 1941 2968 imperio

1073 2981 1305 3015 congressum
1336 2972 1498 3015 adeoque
1519 2975 1653 3008 victum
1675 2985 1746 3009 non
1769 2977 1942 3010 condem-

1073 3024 1210 3056 naverit
1233 3022 1397 3065 exemplo
1421 3024 1458 3057 T.
1482 3024 1616 3066 Manlii,
1649 3027 1709 3068 qui
1737 3035 1842 3059 suum
1865 3029 1940 3069 ipse

1071 3072 1182 3105 filium
1205 3073 1314 3114 patris
1337 3073 1485 3116 imperio
1509 3084 1578 3108 non
1602 3074 1850 3117 obedientem,
1876 3077 1941 3110 sed

1071 3123 1245 3156 victorem
1268 3124 1389 3157 tamen
1410 3124 1566 3158 hostium
1582 3126 1767 3158 interiecit.
1792 3128 1836 3158 At
1851 3128 1940 3160 ratio

1072 3173 1256 3214 utriusque
1279 3172 1397 3207 delicti
1420 3183 1566 3217 prorsus
1588 3175 1727 3208 diversa
1752 3177 1838 3208 erat.
1863 3178 1940 3210 Non

1072 3223 1168 3255 enim
1191 3231 1257 3264 per
1269 3225 1548 3264 contumaciam,
1574 3225 1639 3258 sed
1657 3234 1776 3258 errore
1794 3227 1941 3260 Paccius

1073 3273 1108 3304 et
1130 3280 1239 3314 prava
1255 3273 1394 3316 imperii
1409 3275 1697 3316 interpretatione
1713 3278 1938 3318 peccaverat,

1071 3323 1253 3363 tamquam
1279 3321 1403 3356 liceret
1432 3323 1618 3365 congredi,
1653 3323 1938 3367 quandocunque

1071 3370 1223 3405 maiores
1247 3373 1369 3415 copiae
1393 3372 1629 3405 advenissent.
1657 3372 1699 3405 Et
1722 3372 1940 3408 advenerant

1070 3427 1175 3461 sane,
1201 3420 1267 3454 sed
1289 3431 1361 3455 non
1385 3423 1469 3455 satis
1492 3429 1660 3463 magnae,
1685 3422 1724 3454 ut
1739 3423 1776 3455 et
1790 3426 1939 3458 eventus

1070 3468 1243 3512 arguebat
1275 3473 1312 3504 et
1346 3469 1499 3505 Corbulo
1532 3469 1721 3504 iudicabat.
1756 3471 1865 3506 Dossn.
1898 3489 1935 3497 -

1596 3531 1652 3576 27
