2254 3770
646 323 799 367 LIBER
829 322 915 365 XII.
962 323 1062 381 Cap.
1093 322 1160 366 20.
1192 322 1259 366 24.
1289 322 1355 366 22.
1387 322 1455 367 23.

167 418 425 476 disseruisse
454 429 569 488 apud
601 430 831 474 Caesarem
859 427 1093 478 ferebatur,
1126 426 1323 486 elataque
1345 443 1427 472 vox
1452 429 1546 473 eius
1578 428 1619 471 in
1640 427 1813 486 vulgum
1835 428 1954 472 hisce

167 506 311 551 verbis
344 520 452 549 «non
482 519 578 548 sum
608 505 815 549 remissus
845 504 899 548 ad
930 511 991 555 te,
1024 502 1102 547 sed
1133 517 1354 547 reversus:
1399 503 1466 548 vel
1497 505 1532 547 si
1564 518 1648 548 non
1679 503 1840 554 credis,
1889 503 1954 546 di-

167 587 280 625 mitte
319 587 360 624 et
399 594 599 639 quaere.»
651 580 766 623 vultu
806 593 982 638 quoque
1021 579 1211 622 interrito
1237 579 1489 637 permansit,
1530 593 1629 623 cum
1658 586 1796 623 rostra
1825 579 1951 631 iuxta,

165 655 414 702 custodibus
454 655 765 707 circumdatus,
808 655 917 699 visui
959 654 1119 713 populo
1156 654 1448 713 praeberetur.
1495 654 1734 699 consularia
1774 654 1954 712 insignia

166 731 321 783 Ciloni,
353 730 531 790 Aquilae
561 731 775 789 praetoria
804 730 1106 774 decernuntur.
1963 740 1982 770 5

278 808 360 864 (22)
392 806 533 851 Isdem
564 806 812 850 consulibus
842 812 963 850 atrox
994 805 1080 849 odii
1101 805 1332 864 Agrippina
1362 819 1413 849 ac
1433 805 1591 849 Lolliae
1621 805 1802 857 infensa,
1834 805 1952 863 quod

163 896 309 927 secum
341 882 395 926 de
427 882 694 925 matrimonio
724 881 928 939 principis
959 881 1225 932 certavisset‚
1258 880 1429 924 molitur
1459 881 1634 924 crimina
1665 887 1708 924 et
1729 887 1954 925 accusato-

163 973 271 1010 rem,
312 958 385 1016 qui
416 957 609 1001 obiceret
646 957 904 1008 Chaldaeos,
950 971 1118 1014 magos,
1166 956 1558 1014 interrogatumque
1587 956 1791 1014 Apollinis
1825 955 1952 1000 Clarii

162 1033 435 1078 simulacrum
467 1047 598 1090 super
629 1032 784 1090 nuptiis
815 1032 1097 1090 imperatoris.
1139 1032 1250 1076 exim
1273 1031 1476 1075 Claudius
1507 1031 1696 1074 inaudita
1727 1045 1801 1075 rea
1822 1030 1952 1075 multa

161 1109 216 1153 de
246 1108 495 1152 claritudine
525 1108 619 1151 eius
649 1107 762 1165 apud
794 1115 989 1150 senatum
1018 1107 1253 1165 praefatus,
1295 1120 1446 1150 sorore
1486 1108 1530 1150 L.
1562 1106 1722 1150 Volusii
1752 1107 1949 1164 genitam,
1965 1118 2002 1147 ιο

163 1184 366 1228 maiorem
391 1183 430 1227 ei
463 1190 659 1241 patruum
689 1183 850 1227 Cottam
881 1181 1153 1226 Messalinum
1183 1196 1299 1229 esse,
1331 1182 1529 1225 Memmio
1551 1182 1770 1240 quondam
1788 1181 1951 1240 Regulo

163 1267 334 1318 nuptam
363 1259 477 1316 (nam
497 1258 551 1302 de
574 1259 617 1302 C.
642 1258 837 1302 Caesaris
858 1258 1015 1316 nuptiis
1037 1257 1232 1301 consulto
1253 1257 1492 1314 reticebat),
1525 1257 1689 1301 addidit
1707 1257 1952 1315 perniciosa

164 1336 205 1378 in
235 1349 323 1379 rem
354 1333 568 1392 publicam
602 1333 778 1378 consilia
808 1340 850 1377 et
878 1333 1101 1377 materiem
1126 1333 1280 1377 sceleri
1302 1332 1627 1377 detrahendam:
1659 1334 1782 1390 proin
1811 1332 1952 1390 publi-

163 1411 266 1454 catis
298 1410 419 1453 bonis
449 1410 625 1453 cederet
653 1409 782 1452 Italia.
815 1410 870 1452 ita
900 1409 1184 1467 quinquagies
1215 1408 1459 1452 sestertium
1487 1421 1541 1451 ex
1571 1406 1725 1465 opibus
1746 1407 1951 1452 inmensis

163 1485 274 1530 exuli
305 1485 510 1529 relictum.
542 1493 584 1528 et
614 1484 857 1542 Calpurnia,
901 1484 1074 1527 illustris
1111 1484 1285 1534 femina,
1325 1483 1600 1541 pervertitur,
1642 1483 1744 1541 quia
1772 1483 2000 1527 formami5

163 1561 257 1605 eius
288 1560 535 1604 laudaverat
563 1560 783 1617 princeps,
816 1558 928 1602 nulla
960 1558 1155 1610 libidine,
1188 1559 1265 1603 sed
1296 1558 1466 1602 fortuito
1488 1572 1709 1610 sermone;
1741 1559 1857 1602 unde
1888 1559 1950 1603 ira

161 1635 416 1693 Agrippinae
461 1635 565 1679 citra
611 1634 755 1677 ultima
795 1635 919 1678 stetit.
967 1635 1008 1677 in
1044 1633 1220 1678 Lolliam
1258 1633 1434 1677 mittitur
1462 1633 1675 1685 tribunus,
1723 1647 1748 1676 a
1778 1648 1864 1692 quo
1895 1634 1949 1678 ad

162 1718 341 1754 mortem
371 1711 626 1768 adigeretur.
672 1710 894 1753 damnatus
924 1717 967 1754 et
995 1709 1089 1768 lege
1120 1709 1455 1768 repetundarum
1476 1708 1633 1753 Cadius
1661 1708 1794 1753 Rufus
1822 1723 1949 1755 accu-

162 1786 353 1830 santibus
381 1785 588 1845 Bithynis.

244 1871 254 1873 ⁷
276 1861 357 1918 (23)
390 1861 549 1905 GallIae
579 1860 844 1904 Narbonensi
875 1859 930 1904 ob
951 1860 1168 1918 egregiam
1198 1860 1239 1902 in
1269 1866 1413 1918 patres
1432 1860 1717 1904 reverentiam
1737 1860 1882 1904 datum
1901 1867 1948 1904 ut
1960 1873 1999 1904 20

164 1936 434 1980 senatoribus
475 1936 568 1979 eius
607 1936 851 1993 provinciae
882 1950 966 1979 non
997 1935 1207 1994 exquisita
1235 1935 1438 1994 principis
1469 1936 1698 1988 sententia,
1738 1937 1831 1980 iure
1861 1951 1948 1995 quo

165 2012 306 2057 Sicilia
336 2011 586 2062 haberetur,
625 2025 696 2054 res
726 2025 828 2055 suas
858 2011 1042 2055 invisere
1073 2010 1231 2054 liceret.
1277 2011 1521 2069 Ituraeique
1552 2018 1595 2055 et
1625 2011 1768 2055 Iudaei
1800 2011 1949 2055 defun-

1872 322 1955 365 357

197 2148 200 2150 ’
228 2140 259 2172 7.
284 2138 432 2170 mollitur
453 2138 487 2171 Μ
513 2156 547 2161 -
579 2137 611 2170 8.
635 2137 786 2170 chaldeos
807 2138 839 2171 M
865 2156 902 2161 —
934 2138 987 2170 40.
1006 2138 1213 2178 praephatus
1235 2138 1267 2170 M
1292 2154 1328 2160 -
1361 2137 1475 2179 yenita
1496 2138 1530 2171 M
1555 2154 1590 2160 —
1621 2138 1674 2170 42.
1695 2138 1894 2179 permitiosa
1915 2139 1950 2172 M

162 2213 205 2219 -
229 2194 280 2227 43.
305 2194 404 2226 celeri
425 2203 478 2235 pr.
504 2195 536 2227 Μ
561 2211 596 2217 —-
623 2194 802 2234 puplicatis
822 2195 855 2228 M
880 2211 915 2217 -
942 2193 995 2226 44.
1020 2195 1070 2226 ita
1092 2195 1149 2227 hic
1165 2203 1235 2227 non
1252 2195 1432 2235 congruit3
1458 2194 1661 2237 scripserim
1678 2193 1784 2227 atvel
1800 2193 1950 2229 delerim

163 2252 277 2294 potius
301 2260 344 2284 ex
367 2250 490 2283 litteris
513 2251 638 2292 prioris
653 2252 750 2284 vocis
767 2252 900 2284 natum.
926 2252 1117 2284 Acmsmus.
1138 2269 1174 2275 ——
1201 2251 1254 2284 46.
1279 2251 1335 2283 ira
1350 2251 1570 2283 Boetticher:
1594 2251 1672 2283 irem
1687 2251 1810 2292 (erasis
1825 2250 1950 2284 litteris

160 2308 206 2350 ir)
229 2308 281 2346 M3
306 2307 357 2340 vis
379 2308 406 2339 G
431 2325 466 2331 —-
493 2307 547 2340 49.
571 2307 703 2340 bithinis
725 2308 758 2341 Μ
779 2324 811 2331 -
838 2308 892 2340 20.
917 2308 1115 2341 narbonensi
1138 2316 1192 2350 pr.
1210 2308 1261 2340 M:
1287 2307 1503 2340 narbonensis
1524 2315 1617 2340 corr.
1635 2307 1669 2340 M
1692 2325 1728 2331 —
1753 2307 1807 2340 22.
1832 2307 1951 2340 iturei—

163 2373 226 2407 que
246 2368 277 2397 et
298 2364 387 2397 iudei
409 2365 453 2398 M.

163 2465 201 2496 ut
223 2465 278 2496 est
300 2473 332 2496 e.
352 2464 404 2497 48.
431 2464 598 2496 Ceterum
621 2464 836 2497 Mithridates
861 2465 953 2497 inter
976 2473 1032 2497 so-

163 2514 237 2547 cios
261 2514 529 2556 conspirationis
547 2514 751 2555 Nymphidii
766 2523 784 2545 a
803 2513 909 2547 Galba
927 2516 1032 2547 inter-

1081 2463 1192 2506 pulsa.
1214 2482 1248 2487 -—
1276 2465 1364 2497 eitra
1378 2463 1509 2506 ultima]
1534 2464 1618 2497 citra
1639 2472 1778 2497 necem.
1798 2482 1835 2488 —
1852 2465 1952 2506 stetit]

1081 2514 1254 2554 substitit,
1279 2516 1320 2546 ut
1342 2514 1427 2547 Hist.
1453 2513 1485 2553 4,
1511 2514 1573 2546 67:
1597 2513 1670 2547 belli
1692 2514 1832 2555 impetus
1852 2515 1950 2547 stetit.

163 2565 275 2597 fectus
299 2566 364 2597 est.
391 2563 478 2596 Plut.
505 2563 602 2596 Galb.
629 2565 681 2596 45.
704 2583 739 2588 -
765 2565 956 2597 consularia
977 2566 1032 2598 in-

162 2615 272 2656 signia
295 2614 412 2656 Ciloni]
438 2613 488 2646 Cf.
515 2615 659 2646 Sueton.
686 2613 807 2647 Claud.
831 2614 891 2648 24:
920 2615 1033 2647 Orna-

162 2666 275 2696 menta
296 2664 490 2696 consularia
511 2665 611 2696 etiam
635 2664 910 2704 procuratoribus
932 2665 1032 2697 duce-

92 2712 93 2715 ’
164 2713 270 2745 nar-iis
290 2713 437 2745 indulsit.

206 2764 261 2796 22.
286 2764 427 2806 Lolliae]
465 2764 551 2796 Vide
583 2763 627 2796 ad
652 2773 683 2796 c.
710 2766 741 2797 4.
771 2783 806 2788 -
839 2764 1031 2806 Chaldaeos]

164 2813 215 2846 Cf.
240 2814 278 2853 2,
303 2814 357 2846 27.
379 2832 415 2837 -
440 2814 599 2854 Apollinis
621 2815 737 2857 Clarii]
760 2815 848 2848 Vide
864 2815 909 2848 ad
925 2817 958 2856 2,
976 2815 1029 2848 54.

166 2880 202 2886 -
227 2864 264 2895 L.
293 2863 424 2905 Volusii]
450 2864 536 2896 Vide
560 2864 605 2896 ad
621 2864 653 2904 3,
672 2864 726 2897 30.
747 2883 783 2888 -
803 2866 932 2898 Cottam
950 2867 1034 2898 Mes-

162 2912 317 2954 salinum]
340 2912 394 2945 Cf.
411 2914 449 2952 2,
476 2913 529 2946 32.
547 2913 580 2954 4,
598 2915 651 2946 20.
671 2915 703 2953 5,
722 2914 754 2947 3.
773 2915 804 2954 6,
822 2916 854 2947 5.
875 2933 911 2939 —
931 2916 1032 2948 Mem-

163 2962 230 2994 mio
252 2970 285 3004 q.
311 2962 445 3004 nequeo]
470 2963 556 2996 Vide
581 2963 625 3011 ad
649 2965 681 3003 5,
700 2965 754 2996 44.
776 2982 811 2987 -
838 2965 877 2997 de
900 2966 934 2997 C.
954 2965 1033 2998 Cae-

164 3012 251 3044 saris
264 3012 399 3053 nuptiis]
417 3014 560 3046 Sueton.
580 3013 686 3055 Calig.
704 3015 767 3047 25:
793 3015 934 3047 Lolliam
948 3017 1033 3047 Paa-

163 3063 285 3103 linam,
321 3063 475 3095 Memmio
509 3064 678 3096 consulari
699 3066 875 3098 exercitus
907 3066 1033 3106 repenti

162 3116 317 3153 nuptam,
350 3114 443 3154 facta
472 3114 634 3146 mentione
655 3115 752 3147 aviae
773 3116 844 3147 eius
865 3118 904 3147 ut
925 3124 1032 3155 quon-

164 3163 242 3195 dam
269 3164 529 3203 pulonem-imae,
559 3163 664 3196 subito
685 3174 729 3196 ex
757 3165 932 3205 provincia
953 3174 1032 3197 evo-

164 3214 252 3244 cavit
281 3223 322 3245 ac
346 3215 544 3254 perductam
573 3223 596 3245 a
623 3215 746 3246 marito
775 3215 951 3246 coniunxit
971 3215 1032 3246 sibi

164 3261 317 3302 brevique
338 3264 473 3295 missam
494 3263 580 3303 fecit.
609 3280 644 3285 -—
671 3263 870 3303 Calpurnia,
894 3263 1033 3296 illustris

164 3310 298 3353 femina]
323 3313 397 3345 Hoc
420 3313 575 3354 epitheto
599 3312 823 3352 distinguitur
844 3321 864 3344 a
885 3311 1032 3354 Calpur—

169 3360 242 3399 nia,
274 3363 313 3394 ut
334 3363 473 3404 opinor,
507 3361 650 3401 liberta,
683 3361 816 3394 Claudii
839 3361 951 3404 pelice
977 3363 1030 3402 44,

168 3408 221 3440 30.
253 3409 311 3443 Illa
334 3414 414 3452 post
436 3412 563 3445 decem
587 3420 699 3444 annos
729 3421 772 3444 ex
802 3411 903 3445 exilio
927 3421 1032 3444 revo-

169 3459 246 3491 cata
269 3461 323 3494 est
346 3460 414 3501 (44,
441 3461 506 3503 42).
533 3478 569 3485 -
595 3462 813 3505 pervertitur]
834 3463 869 3495 in
892 3461 1033 3496 exilium

1081 2565 1162 2606 Agr.
1190 2564 1248 2596 46:
1285 2564 1401 2596 seditio
1430 2565 1500 2596 sine
1527 2565 1690 2606 sanquine
1717 2565 1815 2597 stetit.
1848 2581 1884 2587 —
1915 2564 1952 2597 in

1081 2615 1222 2647 Lolliam
1242 2614 1387 2646 mittitur
1409 2614 1562 2647 tribunus
1585 2614 1666 2654 cet]
1690 2614 1755 2646 Dio
1772 2614 1827 2653 60,
1847 2614 1888 2647 32
1905 2614 1950 2647 de

1081 2664 1289 2719 Agrippina:
1327 2659 1402 2707 ἤδη
1433 2662 1474 2697 δέ
1496 2673 1602 2705 τινας
1624 2662 1691 2696 καὶ
1713 2665 1788 2696 τῶν
1811 2662 1951 2705 ἐπιφα-

1081 2712 1157 2746 νῶν
1172 2711 1362 2757 γυναικῶν
1377 2711 1676 2757 ζηλοτυπήσασα
1692 2709 1865 2761 εφθειρε,
1886 2714 1950 2746 καὶ

1081 2761 1151 2806 τήν
1185 2773 1228 2807 γε
1259 2762 1456 2797 Παυλῖναν
1489 2761 1560 2806 τὴν
1593 2762 1782 2804 Λολλὶαν,
1821 2760 1949 2806 ἐπειδὴ

1082 2813 1214 2847 ἐλπίδα
1244 2811 1328 2847 τινὰ
1357 2825 1396 2855 ες
1418 2811 1489 2856 τήν
1511 2812 1580 2847 τοῦ
1604 2813 1795 2848 Κλαυδίου
1820 2815 1950 2848 συνοί-

1081 2875 1195 2907 κησιν
1215 2861 1400 2908 «ἔσχηκεν,
1426 2860 1640 2897 ἀπέκτεινε·
1675 2863 1745 2908 τήν
1767 2875 1808 2898 τε
1830 2875 1951 2906 κεφα-

1082 2912 1153 2957 λὴν
1183 2911 1304 2957 αὐτῆς
1333 2915 1590 2957 κομισθεῖσαν
1616 2911 1714 2973 αὐτῇ
1736 2913 1792 2959 μὴ
1815 2916 1950 2972 γνωρί-

1083 2975 1188 2998 σασα
1210 2963 1255 2997 τό
1278 2974 1318 2997 τε
1340 2963 1469 3008 στόμα
1491 2961 1612 3009 αὐτῆς
1627 2961 1848 3011 αὐτοχειρία
1862 2961 1950 3008 ‚3225-

1083 3013 1155 3058 ῳξε
1176 3015 1241 3048 καὶ
1255 3011 1346 3056 τοὺς
1363 3012 1524 3057 ὀδόντας
1539 3015 1737 3059 ἐσκέψατο
1755 3015 1856 3057 ἰδίως
1872 3025 1951 3057 πως

1081 3062 1255 3105 εχοντας.
1275 3065 1326 3098 Cf.
1342 3065 1395 3106 44,
1411 3067 1463 3099 42.
1483 3085 1519 3090 -
1532 3066 1655 3099 Cadius
1669 3066 1808 3108 Rufus]'
1800 3076 1835 3099 in
1851 3075 1951 3099 seua-

1083 3116 1212 3149 torium
1236 3114 1354 3148 locum
1377 3117 1502 3158 postea
1522 3117 1716 3156 restitutus,
1743 3117 1828 3148 Hist.
1849 3116 1880 3156 4,
1894 3116 1948 3149 77.

1125 3164 1180 3197 23.
1215 3164 1344 3197 Galliae
1371 3166 1580 3199 Narbonensi
1602 3166 1684 3207 cet.]
1719 3166 1827 3198 Huius
1849 3165 1952 3206 igitur

1078 3213 1295 3256 primoribus
1311 3215 1365 3248 ius
1380 3215 1556 3248 honorum
1572 3216 1634 3248 fuit
1650 3215 1709 3247 diu
1724 3216 1818 3253 ante,
1843 3223 1951 3255 quam

1083 3263 1179 3297 idem
1202 3265 1460 3299 concederetur
1475 3265 1602 3298 Galliae
1619 3266 1799 3298 Comatae.
1825 3265 1877 3298 Cf.
1896 3266 1949 3306 44,

1082 3314 1137 3347 23.
1158 3331 1193 3336 —
1215 3318 1253 3347 ut
1273 3315 1479 3348 senatoribus
1501 3314 1583 3357 eet]
1608 3314 1769 3346 Restituit
1785 3313 1951 3349 Claudius

1085 3364 1308 3398 senatoribus
1335 3374 1354 3398 e
1379 3364 1485 3398 Gallia
1515 3363 1737 3396 Narbonensi
1767 3365 1853 3398 ortis
1882 3365 1949 3406 ius,

1085 3413 1182 3455 quod
1203 3415 1426 3448 senatoribus
1450 3413 1614 3448 omnibus
1637 3413 1821 3447 ademerat
1835 3415 1952 3457 Augu-

1084 3465 1170 3499 stus.
1201 3465 1265 3499 Dio
1289 3465 1347 3506 52,
1373 3464 1435 3498 42:
1472 3466 1710 3511 προσαπεῑπε
1741 3462 1838 3499 πᾶσι
1868 3468 1951 3509 τοῖς
