2254 3770
703 268 859 313 LIBER
885 268 987 312 XVI.
1033 266 1133 325 Cap.
1164 266 1230 310 42.
1261 266 1327 310 43.
1358 265 1425 309 44.

1874 263 1957 305 553

177 383 511 435 senatorumque
541 376 754 427 interitus,
796 373 990 433 quamvis
1020 374 1268 431 promiscui,
1311 374 1450 417 minus
1480 370 1644 416 flebiles
1674 376 1813 420 erant,
1851 374 1958 412 tam-

179 466 307 512 quam
338 451 551 496 communi
582 450 830 495 mortalitate
859 448 1080 493 saevitiam
1109 448 1313 506 principis
1342 447 1652 506 praevenirent.

291 526 453 571 Eodem
482 540 592 570 anno
622 526 802 570 dilectus
830 539 910 584 per
929 523 1105 569 Galliam
1128 516 1449 567 Narbonensem
1468 521 1736 579 Africamque
1757 525 1800 564 et
1818 519 1958 562 Asiam

180 602 310 646 habiti
341 608 439 645 sunt
463 600 714 659 supplendis
736 599 914 658 Illyricis
934 599 1186 656 legionibus,
1219 613 1271 642 ex
1291 599 1446 656 quibus
1467 603 1604 642 aetate
1626 603 1697 640 aut
1716 593 1958 639 valetudine

180 678 281 722 fessi
310 684 576 721 sacramento
605 675 890 720 solvebantur.
922 674 1088 719 cladem
1115 674 1446 731 Lugdunensem
1475 671 1732 731 quadragies
1761 669 1987 714 sestertios

181 752 341 797 solatus
371 759 436 796 est
465 752 684 810 princeps,
715 757 761 794 ut
790 750 947 794 amissa
970 750 1066 793 urbi
1087 757 1366 807 reponerent3
1397 761 1526 807 quam
1547 747 1773 806 pecuniam
1788 745 1961 803 Lugdu-

181 842 337 872 nenses
367 834 463 871 ante
494 826 732 870 obtulerant
761 825 878 869 urbis
911 824 1094 869 casibus.

292 903 373 959 (⁴4)
414 903 458 947 C.
491 902 694 946 Suetonio
730 901 887 945 Luccio
917 900 1113 944 Telesino
1149 901 1234 944 065.
1265 899 1467 943 Antistius
1505 899 1727 949 Sosianus,
1767 896 1960 955 factitatis

179 978 221 1021 in
249 979 460 1022 Neronem
492 976 751 1020 carminibus
780 976 1002 1033 probrosis
1032 974 1177 1023 exilio,
1210 980 1255 1017 ut
1274 973 1379 1025 dixi,
1412 973 1628 1024 multatus,
1662 979 1888 1030 postquam
1918 970 1960 1014 id

180 1052 352 1096 honoris
385 1051 595 1096 indicibus
617 1059 787 1109 tamque
810 1057 1051 1109 promptum
1072 1050 1125 1094 ad
1147 1049 1303 1093 caedes
1329 1049 1564 1107 principem
1585 1048 1761 1106 accepit,
1792 1047 1961 1105 inquies
1974 1057 2010 1086 1ο

179 1129 320 1172 animo
351 1135 393 1171 et
422 1127 695 1171 occasionum
730 1126 844 1170 haud
874 1126 1017 1183 segnis
1046 1127 1338 1176 Pammenem,
1377 1124 1572 1168 eiusdem
1610 1123 1690 1167 loci
1721 1121 1889 1166 exulem
1921 1127 1963 1165 et

182 1202 493 1247 Chaldaeorum
523 1209 612 1246 arte
637 1202 843 1245 famosum
873 1214 1013 1259 eoque
1044 1199 1273 1244 multorum
1301 1199 1495 1243 amicitiis
1525 1199 1738 1249 innexum,
1770 1196 1963 1241 similitu-

176 1278 280 1322 dine
319 1278 510 1321 fortunae
549 1277 631 1321 sibi
662 1276 868 1320 conciliat.
915 1276 1119 1320 ventitare
1149 1275 1204 1319 ad
1234 1289 1333 1319 eum
1361 1275 1530 1318 nuntios
1561 1280 1603 1317 et
1631 1272 1963 1317 consultationes

179 1367 264 1397 non
294 1353 448 1396 frustra
478 1359 611 1403 ratus,
643 1352 768 1395 simul
798 1365 982 1395 annuam
1010 1351 1237 1409 pecuniam
1257 1364 1281 1393 a
1302 1352 1345 1394 P.
1368 1349 1517 1393 Anteio
1546 1348 1773 1392 ministrari
1803 1361 1963 1405 cogno-

181 1430 273 1472 scit.
304 1442 446 1486 neque
476 1428 668 1471 nescium
697 1427 879 1471 habebat
899 1426 1093 1470 Anteium
1114 1426 1287 1469 caritate
1307 1425 1563 1483 Agrippinae
1590 1424 1771 1467 invisum
1791 1422 1960 1472 Neroni,
1976 1435 2012 1464 ⁴5

181 1517 375 1563 opesque
396 1504 489 1547 eius
520 1503 773 1561 praecipuas
797 1501 851 1546 ad
872 1501 1126 1546 eliciendam
1147 1500 1402 1559 cupidinem,
1425 1513 1608 1558 eamque
1630 1512 1804 1543 causam
1823 1497 1963 1541 multis

246 1625 277 1656 ⁴.
301 1627 464 1666 tanquam
486 1624 520 1657 Μ
544 1640 580 1646 -
605 1624 638 1656 2.
663 1623 815 1655 seuitiam
837 1623 871 1656 M
896 1640 931 1646 -
965 1621 997 1654 3.
1023 1621 1158 1654 dilectus
1180 1622 1230 1654 M:
1256 1621 1396 1654 delectus
1419 1620 1487 1653 alii.
1514 1638 1549 1643 -
1576 1628 1696 1660 asyam
1718 1620 1751 1652 Μ
1776 1636 1811 1641 -
1838 1618 1870 1651 4.
1895 1618 1966 1651 illi-

179 1681 260 1713 ricis
282 1681 334 1719 M;
358 1680 484 1720 Illyrici
505 1677 730 1712 Puteolanus.
764 1678 815 1712 Cf.
841 1679 873 1719 ⁴,
899 1678 956 1711 ⁴6:
981 1678 1190 1710 Pannonicas
1209 1678 1362 1720 le9iones.
1391 1676 1479 1710 lbid.
1499 1677 1558 1710 3⁴:
1586 1676 1804 1709 Germanicae
1825 1675 1966 1716 leyiones

184 1739 253 1770 cet.
274 1755 309 1760 -
334 1737 366 1769 5.
390 1736 639 1777 Lugdunensem
656 1760 764 1768 .....
782 1735 986 1777 quadraqies
1006 1734 1221 1777 Nipperdey.
1243 1751 1279 1757 —
1304 1734 1460 1766 sextertio
1483 1734 1516 1767 M
1541 1750 1576 1757 —
1603 1734 1635 1765 7.
1659 1732 1753 1765 urbis
1768 1730 1825 1764 del
1844 1731 1961 1764 Furia:

179 1793 285 1826 turbis
308 1794 340 1827 M
364 1794 420 1834 (ex
437 1792 612 1834 geminata
629 1791 690 1824 litt.
710 1791 753 1832 ι);
778 1791 918 1824 turbidis
932 1790 999 1824 alii.
1021 1810 1056 1815 —
1081 1791 1113 1823 8.
1133 1791 1172 1823 G.
1192 1791 1223 1823 Μ
1251 1808 1283 1813 -
1310 1791 1430 1823 Luccio
1445 1790 1615 1831 Ryckius:
1640 1790 1675 1822 L.
1695 1789 1729 1822 M
1754 1804 1789 1812 -
1818 1787 1870 1820 ⁴0.
1888 1790 1966 1819 tan-

180 1847 252 1889 qua
273 1849 306 1883 M
330 1866 366 1872 —
392 1849 483 1881 cedes
505 1849 538 1882 M
562 1865 598 1871 —
626 1849 678 1880 42.
703 1848 915 1880 chaldeorum
937 1849 968 1881 M
994 1865 1030 1871 —
1055 1847 1216 1880 inne-vum
1239 1847 1395 1889 Lipsius:
1422 1847 1576 1879 innioeum
1590 1847 1624 1879 M
1641 1863 1677 1869 -

180 1914 329 1939 annuam
351 1905 385 1938 M
412 1923 446 1928 -
472 1905 505 1937 P.
524 1904 640 1938 Anteio
663 1905 708 1937 G:
728 1904 865 1945 panteio
888 1905 933 1938 M.

182 2003 255 2053 πῇ·
273 2001 443 2046 ἐντάσιες
458 2003 595 2047 ἐμέτου
612 2001 785 2046 ξυνεχέες
799 2005 938 2045 κενεαὶ,
955 2014 1049 2051 προ-

180 2056 318 2099 θυμίαι
340 2053 604 2098 τενεσμώδεις,
629 2053 758 2116 ξηραί,
783 2051 942 2094 α’χυλοι·
975 2053 1050 2088 θά-

182 2116 297 2148 νατος
319 2105 512 2147 ἐπώδυνος
534 2106 598 2139 καὶ
615 2104 786 2147 οίκιστος
801 2105 967 2150 σπασμῷ
984 2106 1049 2139 καὶ

181 2158 283 2201 πνιγὶ
306 2157 371 2189 καὶ
394 2155 514 2200 ἐμέτῳ
530 2154 639 2200 κενῷ.
662 2175 696 2180 -
715 2157 795 2188 dum
817 2157 971 2199 assident]
996 2157 1048 2190 Cf.

182 2209 303 2241 Horat.
329 2208 398 2240 Sat.
425 2208 458 2246 ⁴,
476 2209 507 2247 ⁴,
525 2208 561 2240 8⁴
579 2216 586 2238 :
611 2207 708 2239 habes
730 2208 788 2246 qui
809 2208 973 2246 Assideat‚
997 2208 1050 2248 fo-

178 2262 290 2291 menta
302 2261 401 2298 paret
422 2260 488 2291 cet.
513 2274 548 2280 —
575 2258 820 2300 cremabantur]
846 2259 976 2291 Sensus
992 2267 1051 2290 ra-

179 2309 259 2352 pida
287 2308 394 2340 Taciti
421 2307 594 2340 brevitate
624 2317 737 2350 paene
762 2308 972 2342 obscuratus
994 2309 1051 2341 bic

180 2361 257 2392 est:
285 2359 364 2399 «qui
390 2357 474 2390 dum
491 2358 635 2397 deflent,
662 2360 734 2391 tam
755 2358 873 2391 subito
889 2359 956 2401 ipsi
971 2360 1052 2392 sunt

180 2406 333 2451 correpti
365 2407 562 2450 pestilentia
589 2412 626 2441 et
651 2409 833 2449 exstincti,
857 2411 897 2441 ut
924 2409 1050 2442 eodem

182 2467 270 2500 rogo
307 2459 459 2491 cremari
493 2460 671 2501 possent».
709 2459 816 2492 Donn.
846 2478 879 2482 —
913 2460 1053 2500 Illyricis

181 2508 373 2551 legionibus]
406 2508 456 2541 Cf.
483 2510 515 2549 2,
534 2508 576 2541 44
593 2511 629 2541 et
645 2509 677 2549 4,
695 2510 727 2541 ὅ.
753 2527 788 2532 -—-
814 2510 940 2542 cladem
962 2510 1053 2550 Lua-

180 2559 365 2601 dunensem]
396 2567 439 2591 ex
455 2558 618 2592 incendio
635 2561 855 2601 conceptam,
882 2559 978 2601 quod
994 2559 1054 2592 de-

183 2611 303 2642 narrat
326 2611 361 2642 et
386 2608 545 2651 deplorat
572 2609 707 2642 Seneca
732 2608 878 2651 epistola
903 2612 974 2642 tota
997 2610 1050 2642 9⁴.

183 2659 318 2692 Accidit
346 2660 543 2691 centesimo
567 2667 659 2691 anno
683 2668 702 2690 a
726 2657 861 2691 colonia
885 2659 1051 2700 deducta,

184 2708 312 2741 eodem
326 2709 460 2741 Seneca
478 2710 633 2747 notante,
648 2710 687 2740 ut
698 2707 859 2741 solatium
871 2709 940 2741 boc
952 2709 1051 2741 tarde

183 2757 381 2791 adhibitum
399 2766 418 2790 a
435 2759 574 2791 Nerone
591 2759 647 2798 sit,
672 2759 824 2799 septimo
841 2761 920 2800 post
935 2759 1054 2791 incen—

184 2808 281 2841 dium
305 2817 410 2840 anno.
448 2809 536 2841 Nam
553 2808 705 2841 deducta
722 2807 929 2849 Lugdunum
946 2817 966 2840 a
982 2809 1055 2841 Mu·

183 2859 276 2891 natio
306 2856 432 2890 Planco
464 2866 495 2889 a.
521 2866 555 2889 11.
586 2858 661 2889 744.
694 2858 779 2890 L1Ps.
815 2858 938 2899 Neque
962 2857 1052 2890 adeo

182 2916 351 2949 magnum
364 2907 427 2939 fuit
438 2906 602 2940 solatium
615 2908 831 2939 Francorum
843 2906 1052 2940 Gallicorum

182 2957 323 2991 738240.
341 2975 377 2981 —-
396 2958 520 2990 arnissa
532 2957 621 3000 urbe]
639 2957 799 2990 aedificia
814 2957 956 2999 publica
969 2957 1054 2990 deu-

183 3009 249 3041 sta.
286 3006 436 3039 Offendit
464 3006 677 3039 vocabulum
706 3007 786 3038 urbs
812 3007 857 3040 de
883 3007 1053 3049 Lugduno

181 3058 402 3099 usurpatum,
429 3065 509 3090 cum
531 3057 692 3098 proximo
709 3065 816 3090 versu
838 3056 990 3098 legitime
1008 3057 1052 3089 de

182 3107 272 3140 urbe
297 3108 405 3139 Roma
430 3105 625 3138 adhibitum
650 3108 706 3139 sit.
733 3123 768 3129 -
801 3106 893 3138 urbis
914 3105 1053 3147 casibus]

184 3156 284 3191 Urbis
321 3164 424 3189 casus
458 3156 671 3188 denotantur
701 3155 767 3195 1111,
803 3164 892 3196 quos
915 3155 1054 3188 Tacitus

185 3207 327 3248 copiose
352 3206 540 3247 descripsit
563 3206 616 3242 ⁴5,
643 3206 683 3237 38
701 3223 732 3229 -
750 3205 804 3244 45,
834 3205 868 3236 h.
894 3214 925 3237 e.
955 3204 1054 3237 urbis

183 3257 387 3289 incendium
409 3255 465 3289 bis
489 3256 695 3288 saevissime
719 3257 917 3296 grassatum
937 3256 972 3287 et
995 3264 1055 3296 pe—

186 3307 369 3339 cuniarum
399 3304 582 3339 collatione
613 3314 633 3338 a
665 3306 852 3347 provinciis
884 3306 919 3337 et
949 3305 1053 3337 sociis

186 3355 325 3398 populis
356 3355 626 3397 civitatibusque
657 3354 777 3387 liberis
806 3353 964 3387 lenitum.
1001 3355 1052 3387 De

189 3405 320 3440 collatis
342 3405 504 3449 pecuniis
527 3404 603 3447 lege
626 3405 680 3446 ⁴5,
705 3404 768 3439 45:
792 3404 920 3438 interea
943 3404 1054 3446 confe-

1700 1845 1752 1878 44.
1771 1844 1870 1877 simul
1884 1852 1929 1877 an
1940 1842 1957 1882 ΙΙ

1097 2005 1209 2038 rendis
1235 2005 1388 2047 pecuniis
1410 2007 1606 2046 pervastata
1627 2003 1745 2043 Italia,
1775 2001 1967 2043 provinciae

1098 2064 1250 2095 eversae,
1287 2056 1430 2096 sociique
1457 2055 1574 2096 populi
1603 2057 1633 2086 et
1667 2062 1752 2094 quae
1782 2052 1968 2085 civitatium

1098 2106 1221 2138 liberae
1246 2109 1422 2138 vocantur.
1459 2106 1555 2138 Tunc
1583 2105 1687 2146 igitur
1714 2103 1967 2144 Lugdunenses

1101 2157 1310 2198 quadragies
1334 2156 1534 2189 sestertium
1559 2153 1759 2187 obtulerant
1780 2155 1885 2195 atque
1902 2152 1967 2185 de-

1101 2206 1237 2239 derant.
1267 2208 1400 2239 Birt-nn.

1146 2307 1198 2340 ⁴4.
1232 2307 1267 2339 C.
1291 2306 1448 2338 Suetonio
1474 2305 1595 2338 Luccio
1619 2304 1760 2337 Telesino
1783 2302 1861 2345 cos]
1897 2303 1967 2335 No-

1102 2358 1196 2390 mina
1219 2357 1345 2388 horum
1370 2354 1554 2388 consulum
1574 2353 1678 2396 plene
1694 2353 1836 2386 exhibet
1851 2350 1968 2384 titulus

1102 2406 1332 2450 Ariminensis
1362 2406 1472 2438 Inscr.
1498 2405 1571 2437 Lat.
1598 2413 1631 2436 n.
1651 2404 1754 2436 6767:
1789 2402 1824 2435 C.
1849 2402 1969 2434 Luccio

1105 2457 1245 2490 Telesino
1267 2456 1302 2489 C.
1321 2456 1475 2488 Suetonio
1490 2455 1630 2487 Paulino
1646 2463 1710 2485 cos.
1736 2454 1787 2486 De
1803 2452 1968 2484 Suetonio

1103 2506 1245 2541 Paulino
1262 2506 1304 2539 cf.
1325 2506 1378 2545 ⁴4,
1395 2506 1448 2538 29.
1475 2506 1560 2538 Hist.
1581 2505 1682 2544 4,·87.
1701 2504 1754 2537 90.
1779 2503 1812 2543 2,
1830 2503 1871 2535 23
1887 2510 1967 2543 sqq.

1103 2559 1182 2599 Agr.
1209 2558 1241 2596 5,
1267 2555 1320 2589 ⁴4.
1346 2555 1475 2589 Plinius
1498 2557 1539 2588 N.
1558 2555 1598 2587 H.
1616 2555 1636 2587 5
1660 2554 1679 2596 5
1704 2554 1761 2587 ⁴4:
1797 2553 1972 2586 Suetonius

1102 2607 1277 2646 Paulinus,
1315 2614 1411 2646 quem
1446 2604 1611 2637 consulem
1642 2604 1802 2642 vidimus,
1843 2602 1972 2643 primus

1105 2658 1328 2700 Romanorum
1343 2657 1464 2688 ducum
1478 2658 1703 2695 transqressus
1717 2655 1844 2694 quoque
1857 2652 1971 2685 Atlan—

1103 2711 1167 2740 tem
1198 2707 1326 2749 aliquot
1354 2707 1484 2739 milium
1506 2706 1613 2746 spatio
1631 2705 1780 2745 prodidit
1802 2704 1840 2735 de
1861 2702 1971 2734 excel-

1102 2758 1198 2790 sitate
1227 2757 1358 2798 quidem
1389 2757 1458 2788 eius
1487 2764 1574 2797 quae
1598 2755 1709 2787 ceteri.
1746 2751 1970 2786 «Telesinum

1102 2807 1223 2840 laudat
1250 2807 1289 2839 ut
1314 2805 1563 2848 philosophum
1594 2806 1630 2837 et
1658 2804 1830 2845 insignem
1857 2803 1969 2834 virum

1104 2857 1183 2900 plus
1205 2866 1278 2890 uno
1301 2856 1379 2889 loco
1402 2855 1649 2888 Philostratus:
1675 2854 1707 2893 4,
1733 2854 1786 2887 40.
1812 2854 1844 2893 7,
1867 2854 1919 2885 44.
1937 2852 1969 2889 8,

1106 2908 1158 2940 42.
1184 2906 1412 2947 eundemque
1437 2904 1616 2937 exsulasse
1641 2913 1683 2937 ea
1706 2913 1745 2936 re
1768 2903 1835 2936 sub
1855 2902 1972 2935 Domi-

1104 2957 1198 2989 tiano
1221 2955 1355 2989 scribit.
1380 2956 1466 2987 Lips.
1491 2956 1713 2987 praenomen
1736 2954 1768 2986 ei
1791 2953 1825 2986 C.
1851 2952 1971 2991 fuisse,

1105 3015 1175 3038 non
1191 3006 1243 3044 L.,
1268 3005 1373 3037 docet
1396 3005 1502 3036 etiam
1525 3005 1589 3037 Dio
1605 3004 1659 3042 63,
1678 3004 1692 3035 4
1722 3003 1757 3034 et
1778 3000 1898 3034 titulus
1914 3010 1970 3042 ap.

1105 3057 1292 3088 Gruterum
1317 3054 1413 3094 4448,
1438 3056 1471 3087 5.
1499 3067 1540 3077 —>
1560 3057 1599 3085 ut
1621 3053 1708 3093 dioei]
1729 3051 1816 3084 Vide
1840 3051 1894 3090 44,
1916 3049 1970 3083 48.

1109 3124 1142 3129 -
1161 3106 1370 3137 occasionum
1388 3105 1478 3136 haud
1501 3103 1617 3146 scynis]
1634 3104 1655 3135 i.
1676 3111 1706 3135 e.
1725 3103 1910 3144 promptus
1927 3101 1973 3133 ad

1105 3155 1311 3188 occasiones
1335 3154 1536 3197 capiendas.
1574 3153 1625 3186 Cf.
1652 3152 1710 3192 ⁴4,
1736 3151 1796 3185 34:
1829 3152 1974 3184 aliorum

1104 3214 1232 3247 segnes,
1264 3205 1299 3238 id
1323 3206 1395 3244 est,
1420 3207 1539 3238 cetera
1565 3202 1792 3243 negligentes.
1823 3219 1859 3227 -
1883 3203 1972 3234 eius-

1105 3256 1177 3288 dem
1198 3255 1271 3297 loci]
1295 3254 1429 3288 insulae
1454 3253 1556 3286 nobis
1573 3254 1722 3294 ignotae.
1748 3251 1834 3284 Vide
1850 3250 1871 3284 1.
1890 3251 1913 3284 1.
1933 3269 1968 3274 -

1106 3304 1368 3346 Chaldaeorum]
1403 3303 1490 3336 Vide
1515 3302 1560 3335 ad
1584 3302 1616 3341 3,
1642 3303 1694 3334 22.
1719 3319 1763 3325 -
1790 3302 1922 3333 nuntios
1943 3305 1974 3334 et

1105 3353 1371 3394 consultationes]
1395 3349 1435 3385 ἓν
1457 3349 1520 3385 διὰ
1542 3350 1649 3385 δυοῖν
1667 3360 1732 3393 pro
1746 3351 1891 3391 nuntios,
1915 3351 1974 3393 qui

1104 3412 1179 3437 eum
1200 3404 1433 3437 constatarent.
1454 3420 1490 3426 —
1514 3402 1550 3435 P.
1574 3400 1698 3444 Anteio]
1724 3400 1774 3437 Cf.
1790 3401 1844 3442 43,
1862 3401 1916 3434 22.
1933 3418 1968 3424 -
