2254 3770
318 320 373 364 78
796 319 841 362 Ρ.
873 315 1122 362 CORNELII
1151 314 1321 361 TACITI
1350 314 1618 360 ANNALIUM

314 426 471 470 missus
501 425 596 469 ilico
616 425 838 469 Stertinius
869 438 966 468 cum
996 423 1140 481 equite
1171 429 1213 466 et
1241 427 1452 466 armatura
1480 420 1564 465 levi
1586 421 1684 477 igne
1707 427 1749 466 et
1769 421 1977 466 caedibus
1998 432 2099 480 per-

315 501 459 546 fidiam
487 501 599 544 ultus
621 507 697 544 est.
749 500 800 556 (9)
832 498 989 542 flumen
1010 498 1198 556 Visurgis
1219 499 1431 542 Romanos
1453 495 1780 555 Cheruscosque
1809 497 2095 542 interfluebat.

315 578 408 622 eius
438 578 481 620 in
516 577 607 634 ripa
637 590 733 619 cum
770 574 923 618 ceteris
960 573 1218 631 primoribus
1247 572 1458 615 Arminius
1496 571 1671 623 adstitit,
1714 573 2000 632 quaesitoque
2043 587 2098 617 an

316 654 472 697 Caesar
501 651 704 701 venisset,
740 655 965 707 postquam
994 649 1148 692 adesse
1178 661 1435 705 responsum
1465 653 1551 698 est,
1592 653 1638 690 ut
1667 646 1814 692 liceret
1844 662 1942 692 cum
1971 649 2096 693 fratre

282 728 514 786 sconloqui
545 726 689 770 oravit.
736 731 827 769 erat
855 725 891 767 is
921 724 963 767 in
994 724 1199 771 exercitu,
1233 729 1515 780 cognomento
1545 722 1718 772 Flavus,
1749 723 1926 782 insignis
1948 725 2033 769 fide
2054 732 2098 769 et

315 804 471 847 amisso
500 816 578 860 per
605 801 757 845 vulnus
787 799 912 843 oculo
941 799 1088 857 paucis
1119 805 1215 841 ante
1244 799 1366 842 annis
1396 797 1506 842 duce
1537 798 1717 842 Tiberio.
1765 804 1855 842 tum
1883 800 2096 857 permissu

317 880 413 904 ΗΜ
443 889 783 935 progressusque
823 874 1027 918 salutatur
1068 874 1124 918 ab
1158 874 1365 926 Arminio3
1407 874 1479 932 qui
1522 874 1674 918 amotis
1708 874 2005 932 stipatoribus,
2052 882 2099 918 ut

316 953 515 1011 sagittarii
545 958 687 995 nostra
716 965 793 1008 pro
823 950 915 1007 ripa
945 949 1137 1007 dispositi
1170 948 1454 993 abscederent
1482 948 1685 1006 postulat,
1718 955 1761 993 et
1780 956 2009 1009 postquam
2031 951 2098 995 di-

316 1030 468 1087 gressi,
499 1027 613 1071 unde
634 1040 685 1070 ea
705 1026 950 1070 deformitas
971 1025 1056 1068 oris
1077 1026 1308 1081 interrogat
1328 1024 1511 1069 fratrem.
1558 1023 1629 1068 illo
1656 1024 1798 1068 locum
1818 1032 1860 1069 et
1886 1025 2095 1083 proelium

264 1115 300 1145 ⁴0
315 1105 542 1153 referente,
575 1102 791 1160 quodnam
810 1101 1045 1158 praemium
1065 1100 1304 1157 recepisset
1323 1100 1520 1158 exquirit.
1552 1098 1707 1143 Flavus
1726 1106 1851 1145 aucta
1870 1101 2095 1159 stipendia,

314 1187 511 1237 torquem
541 1185 583 1222 et
612 1191 810 1221 coronam
839 1176 1006 1234 aliaque
1036 1175 1232 1219 militaria
1261 1175 1374 1219 dona
1402 1181 1628 1225 memorat,
1670 1175 1880 1220 inridente
1910 1177 2095 1220 Arminio

314 1254 412 1298 vilia
441 1254 598 1298 servitii
634 1253 781 1310 pretia.
841 1252 923 1308 (lO)
955 1252 1052 1295 exin
1083 1251 1240 1295 diversi
1272 1251 1510 1303 ordiuntur,
1553 1251 1622 1295 hic
1650 1251 1983 1309 magnitudinem
2013 1254 2096 1297 Ro-

314 1344 498 1379 manam,
536 1343 642 1386 opes
673 1328 867 1373 Caesaris
898 1334 940 1371 et
968 1327 1090 1371 victis
1131 1341 1282 1384 graves
1319 1340 1504 1383 poenas,
1547 1327 1589 1369 in
1620 1326 1882 1370 deditionem
1909 1327 2094 1371 venienti

312 1412 500 1463 paratam
530 1404 816 1455 clementiam3
847 1416 987 1460 neque
1009 1402 1235 1459 coniugem
1256 1408 1298 1445 et
1317 1401 1451 1444 filium
1474 1402 1567 1445 eius
1598 1401 1806 1446 hostiliter
1826 1402 1992 1446 haberi:
2023 1402 2094 1447 ille

262 1493 299 1522 ⁴5
312 1482 374 1525 fas
403 1481 580 1538 patriae,
612 1479 848 1522 libertatem
877 1478 1050 1528 avitam,
1079 1477 1314 1535 penetralis
1345 1477 1596 1521 Germaniae
1626 1477 1752 1528 deos,
1789 1483 1968 1522 matrem
1995 1489 2096 1536 pre-

313 1571 409 1600 cum
438 1556 615 1607 sociam;
647 1568 701 1598 ne
730 1554 1067 1612 propinquorum
1090 1559 1131 1596 et
1150 1552 1370 1601 adfinium,
1403 1552 1591 1611 denique
1612 1553 1749 1610 gentis
1770 1567 1874 1602 suae
1897 1553 2097 1598 desertor

313 1638 356 1675 et
373 1631 566 1689 proditor
585 1644 715 1688 quam
734 1629 966 1687 imperator
986 1642 1084 1672 esse
1106 1626 1260 1673 mallet.
1290 1627 1495 1686 paulatim
1524 1628 1624 1673 inde
1645 1629 1700 1673 ad
1730 1629 1866 1688 iurgia
1893 1629 2093 1688 prolapsi,

354 1748 386 1781 2.
404 1744 486 1789 fluvii
503 1746 547 1779 M.
572 1745 701 1778 Littera
723 1742 862 1776 initialis
884 1744 1034 1786 proximi
1056 1742 1219 1776 vocabuli
1242 1744 1297 1777 est
1329 1744 1370 1776 in·
1391 1752 1529 1777 rasura.
1551 1761 1587 1766 —
1614 1744 1646 1777 6.
1672 1744 1797 1778 «tiberio
1818 1753 1874 1787 pr.
1899 1745 1934 1779 M
1959 1762 1995 1768 ——
2013 1753 2094 1786 per-

311 1806 415 1837 missu
439 1828 447 1836 .
468 1829 475 1836 .
497 1828 504 1836 .
526 1810 786 1844 progressusque
807 1801 1028 1843 Nipperdey:
1055 1802 1219 1842 permissu
1236 1810 1498 1843 progressusque
1519 1802 1570 1841 M3
1600 1802 1814 1842 permissum,
1833 1809 2097 1853 proyressusque

311 1859 428 1902 vulgo.
448 1877 485 1883 -
510 1859 542 1892 9.
557 1859 704 1901 fratrum
725 1867 779 1901 pr.
805 1859 839 1892 M
865 1876 896 1882 —
926 1859 979 1891 42.
1000 1859 1137 1899 praetia
1159 1859 1193 1892 M
1216 1875 1253 1882 -·
1280 1859 1332 1891 47.
1357 1860 1483 1901 aurata
1503 1867 1557 1901 pr.
1583 1859 1627 1892 M.

1226 1957 1297 2001 puli
1320 1959 1375 1991 sui
1405 1957 1541 1992 silentio
1571 1959 1789 1991 transmissa.
1829 1956 2012 1991 Boiocalus
2034 1957 2096 1999 igi-

312 1958 394 1993 εἶτα
408 1956 687 2005 Λαγγοβάρόοι.
718 1959 852 2000 Quippe
875 1958 1027 1991 maiores
1044 1959 1175 1991 Chauci

1226 2010 1283 2040 tur
1299 2017 1380 2041 cum
1392 2008 1596 2041 Amsivariis
1611 2009 1648 2041 in
1664 2007 1909 2041 commilitium
1924 2008 2094 2050 acceptus

309 2013 400 2044 inter
422 2010 596 2050 Visurgim
619 2011 655 2042 et
677 2008 793 2042 Albim
817 2008 1020 2050 ibidemque
1043 2010 1176 2051 Laugo-

309 2060 411 2094 bardi
448 2068 573 2101 egere;
620 2059 811 2100 Angrivarii
855 2059 958 2100 igitur
1002 2059 1175 2092 interiecti

310 2110 467 2151 utrisque
490 2110 581 2141 inter
595 2109 769 2150 Visurgim
788 2110 824 2141 et
838 2108 965 2141 Albim.
991 2110 1065 2141 Iam
1081 2118 1173 2150 quae

310 2160 447 2192 Tacitus
481 2167 574 2192 nunc
607 2158 729 2199 tradit,
766 2167 808 2191 ea
842 2167 924 2191 cum
955 2157 1018 2191 illis
1050 2161 1094 2201 (c,
1121 2159 1174 2200 49)

310 2209 495 2242 manifesto
524 2209 698 2250 pugnant,
734 2209 799 2240 nisi
830 2208 918 2241 forte
947 2209 1175 2243 statuendum

311 2259 394 2300 erit,
433 2259 573 2301 partem
607 2258 891 2299 Angrivariorum
928 2258 973 2291 ad
1007 2259 1175 2292 Amisiam

311 2307 470 2350 degisse,
501 2309 639 2350 partem
669 2308 760 2340 inter
782 2307 956 2348 Visurgim
980 2309 1015 2340 et
1036 2307 1171 2347 Albim;

311 2358 376 2391 sed
398 2358 435 2390 id
451 2358 541 2391 iuste
558 2356 653 2390 credi
670 2358 804 2399 nequit.
829 2358 978 2391 Perinde
994 2358 1175 2391 turbatum

311 2410 366 2441 est
388 2417 420 2440 c.
445 2408 505 2440 22:
541 2416 623 2439 mox
644 2407 762 2440 bellum
782 2409 819 2440 in
832 2408 1060 2449 Angrivarios
1081 2409 1176 2441 Ster-

310 2459 392 2491 tinio
418 2457 572 2497 mandat,
607 2459 642 2490 m·
671 2458 868 2490 deditionem
890 2460 1173 2499 properavissent.

310 2508 381 2540 Sed
408 2508 637 2540 Germanicus
672 2508 748 2548 ipse
782 2507 817 2539 in
848 2506 977 2541 finibus
1004 2509 1175 2550 Angriva-

309 2558 444 2590 riorum
466 2565 548 2590 cum
571 2557 727 2589 exercitu
743 2557 980 2590 Romanorum
999 2559 1082 2591 tunc
1100 2559 1177 2591 erat

310 2608 358 2650 (v.
384 2607 429 2639 ad
452 2615 483 2640 c.
508 2605 564 2648 20)
593 2608 629 2639 et
649 2606 807 2639 nationes
829 2607 920 2638 inter
941 2607 1117 2649 Visurgim
1140 2610 1176 2641 et

310 2656 426 2691 Albim
463 2655 538 2696 vel,
577 2657 616 2688 ut
652 2657 728 2698 ipse
767 2655 868 2696 dicit,
907 2657 994 2689 inter
1030 2658 1175 2691 Rhenum

309 2707 480 2747 Albimque
503 2705 733 2738 debellaverat.
759 2705 811 2737 Cf.
837 2714 868 2737 c.
893 2706 935 2738 22
960 2707 996 2738 et
1017 2706 1071 2739 4⁴.
1110 2708 1176 2740 Ita-

310 2765 381 2799 que
397 2757 501 2789 etiam
517 2754 584 2788 illic
601 2757 754 2788 erratum
771 2755 875 2787 estin
892 2756 1034 2788 nomine
1048 2758 1172 2798 gentis,

312 2808 347 2839 et
369 2806 550 2838 Stertinius
573 2813 644 2837 non
667 2804 711 2837 ad
723 2804 943 2846 Anyrtvarios
965 2805 1172 2847 domandos,

312 2857 372 2898 qui
400 2855 522 2888 domiti
553 2855 622 2887 iam
646 2856 763 2894 erant,
801 2854 865 2887 sed
895 2855 1024 2889 missus
1051 2858 1106 2890 est
1129 2857 1174 2889 ad

311 2907 456 2940 Amisiae
492 2905 642 2945 accolas,
683 2913 834 2946 quorum
868 2904 1055 2946 perfidiam
1093 2908 1174 2940 ante

311 2956 439 2999 raptim
460 2954 554 2988 ultus
577 2955 621 2996 (c.
647 2954 680 2994 8)
704 2955 795 2994 erat,
820 2962 913 2987 nunc
936 2954 1028 2987 bello
1050 2964 1175 2998 perse-

313 3008 459 3040 cuturus
481 3005 552 3044 est,
578 3003 643 3036 nisi
665 3004 806 3036 veniam
830 3002 1005 3046 supplices
1028 3006 1175 3047 petivis-

313 3057 393 3089 sent
415 3057 451 3088 et
472 3054 704 3096 accepissent.
745 3052 834 3092 Quid
864 3052 998 3086 multa?
1034 3055 1076 3087 Et
1098 3064 1129 3089 c.
1154 3056 1174 3089 8

313 3107 348 3138 et
370 3105 412 3137 22
436 3103 665 3138 scribendum
687 3103 740 3134 est
761 3101 1024 3136 Amstvartomm
1046 3105 1082 3137 et
1095 3104 1175 3137 Am-

311 3155 471 3194 sivarios,
500 3152 623 3186 litteris
645 3160 696 3184 ms
716 3160 781 3192 pro
803 3160 868 3192 '⁸9²'
895 3151 1107 3194 substitutis,
1140 3156 1175 3187 et

314 3213 443 3237 nomen
471 3203 753 3245 Anqrtvariorum
782 3201 918 3233 nonnisi
948 3211 978 3234 c.
1005 3203 1045 3234 49
1075 3204 1110 3235 et
1131 3203 1174 3237 24

313 3255 349 3286 et
371 3253 407 3286 4⁴
437 3252 641 3286 tenendum.
674 3251 748 3284 Hoc
770 3249 945 3282 luculente
968 3251 1174 3293 comproba-

312 3305 370 3335 tur
385 3302 438 3342 43,
453 3303 506 3342 55,
524 3301 584 3334 ubi
600 3299 796 3340 Boiocalus,
810 3299 881 3332 dux
896 3299 1171 3343 Amsivariorum,

311 3351 450 3385 Tiberio
494 3353 529 3384 et
566 3351 763 3384 Germanico
807 3348 956 3382 ducibus
1000 3350 1171 3392 stipendia

311 3401 484 3434 meruisse
508 3409 547 3434 se
566 3401 675 3434 refert
697 3401 733 3433 et
748 3399 992 3440 quinquaqinta
1007 3407 1172 3434 annorum

310 3449 499 3491 obseqmum
519 3450 642 3491 iactat,
673 3448 774 3483 brevi
801 3448 869 3481 hac
891 3446 1089 3483 defectione
1111 3458 1173 3492 po-

1225 2060 1380 2091 Romana
1404 2058 1578 2100 stipendia
1597 2059 1666 2091 hoc
1680 2058 1757 2100 ipso
1774 2059 1936 2100 tempore
1951 2057 2093 2098 meruit,

1225 2108 1290 2141 sed
1306 2108 1402 2141 domi
1426 2109 1553 2142 eadem
1576 2109 1670 2141 natio
1686 2107 1901 2150 aliquamdiu
1922 2106 2095 2141 hostiliter

1226 2157 1396 2191 adversus
1419 2159 1594 2192 Romanos
1618 2158 1699 2199 egit.
1737 2157 1817 2191 Illos
1847 2159 1967 2190 autem
1988 2157 2096 2190 Δηιά-

1223 2209 1339 2240 varios
1360 2207 1406 2240 ad
1428 2208 1596 2242 Amisiam
1619 2207 1725 2242 sedes
1747 2207 1914 2241 habuisse
1937 2207 2094 2250 primum

1226 2266 1246 2290 e
1269 2258 1412 2291 nomine
1435 2256 1563 2300 liquet,
1587 2266 1671 2291 nam
1693 2256 1739 2290 ab
1763 2257 1894 2290 Amisia
1916 2256 1956 2290 fit
1972 2256 2095 2290 Anat-sl-

1224 2308 1317 2340 uarii
1347 2309 1382 2340 et
1410 2316 1480 2340 una
1510 2308 1524 2340 ο·
1553 2306 1699 2350 expulsa
1727 2307 1928 2348 Amsiuam'i,
1965 2306 2093 2340 deinde

1226 2356 1480 2399 comprobatur
1509 2366 1551 2390 eo
1579 2357 1676 2399 quod
1700 2357 1852 2399 Chauci,
1882 2358 2036 2391 Amisiae
2058 2357 2095 2390 in

1225 2409 1466 2449 septentrione
1496 2406 1657 2448 accolae,
1689 2416 1792 2449 agros
1815 2408 2094 2441 Amsivariorum

1226 2465 1246 2489 a
1275 2466 1314 2490 se
1344 2456 1528 2500 pulsorum
1561 2454 1837 2500 occupaverunt.
1876 2459 1983 2492 Error
2011 2457 2094 2491 hinc

1226 2509 1323 2540 ortus
1347 2509 1412 2548 est,
1438 2507 1535 2549 quod
1547 2508 1744 2550 Angrivarii
1761 2509 1797 2541 et
1818 2508 1885 2551 ipsi
1906 2507 2021 2541 tribus
2044 2506 2095 2540 lo-

1226 2557 1276 2590 cis
1307 2565 1372 2599 per
1409 2557 1505 2590 hunc
1539 2556 1670 2590 librum
1703 2558 1739 2591 in
1773 2557 1932 2600 proxima
1965 2557 2093 2590 vicinia
2128 2572 2133 2582 ·

1226 2607 1395 2640 nominati
1417 2609 1515 2648 sunt,
1540 2607 1707 2649 quodque
1723 2606 1832 2640 iidem
1847 2615 1891 2640 ex
1907 2606 2093 2640 Germania

1225 2657 1280 2698 (33
1305 2658 1340 2690 et
1362 2657 1414 2698 34)
1447 2658 1559 2699 magis
1588 2657 1715 2699 cogniti
1744 2658 1845 2690 erant
1871 2658 1977 2699 atque
2007 2656 2093 2690 inse-

1224 2706 1377 2740 rioribus
1401 2706 1641 2749 temporibus,
1670 2706 1886 2749 aliquamdiu
1915 2707 1996 2739 ante
2026 2714 2092 2739 an—

1225 2765 1310 2789 num
1333 2757 1374 2789 98
1408 2759 1490 2798 post
1521 2757 1602 2789 Chr.
1635 2765 1686 2796 n..
1723 2756 1769 2788 ad
1801 2756 1961 2789 sinistras
1994 2755 2091 2788 fluvii

1224 2807 1379 2847 Visurgis
1402 2808 1515 2839 terras
1537 2807 1573 2839 in
1591 2806 1697 2839 sedes
1711 2806 1962 2839 Bructerorum
1977 2805 2092 2838 immi·-

1224 2858 1414 2897 graverunt
1436 2858 1472 2889 et
1494 2856 1555 2889 diu
1577 2855 1625 2889 ibi
1647 2856 1881 2888 duraverunt:
1906 2856 2091 2889 Amsivarii

1224 2907 1344 2939 autem
1367 2915 1400 2938 a.
1424 2906 1467 2939 58
1489 2907 1571 2948 post
1585 2905 1762 2939 Christum
1786 2905 1894 2938 excisi
1917 2907 1999 2938 sunt
2021 2904 2089 2948 (43,

1224 2956 1278 2996 56)
1303 2955 1454 2997 ideoque
1482 2956 1518 2988 in
1541 2956 1726 2988 Germania
1749 2963 1769 2987 a
1793 2954 1911 2988 Tacito
1939 2963 2009 2988 non
2031 2963 2092 2988 re—

1225 3006 1427 3038 censentur.
1459 3005 1599 3038 Iuvenis
1622 3004 1656 3038 in
1679 3004 1733 3038 his
1755 3002 1864 3038 rebus
1879 3003 1992 3047 probe
2006 3013 2092 3037 ver-

1224 3056 1341 3096 satus,
1372 3055 1430 3089 W.
1455 3055 1493 3088 E.
1519 3054 1669 3096 (iissem,
1701 3063 1767 3097 per
1794 3062 1953 3088 errorem
1982 3054 2090 3088 Taciti

1225 3106 1297 3137 tam
1318 3105 1354 3138 in
1376 3103 1569 3138 Annalibus
1592 3105 1624 3145 2,
1649 3105 1670 3138 8
1694 3107 1730 3137 et
1752 3104 1795 3137 22
1818 3110 1926 3146 quam
1948 3105 1983 3137 in
2006 3105 2091 3138 Ger-

1224 3155 1341 3186 mania
1366 3155 1408 3196 (c.
1434 3154 1476 3187 33
1499 3155 1535 3187 et
1556 3152 1610 3195 34)
1643 3154 1862 3196 Aoum-{varios
1890 3154 2089 3187 nominatos

1224 3212 1304 3236 esse
1320 3213 1384 3246 pro
1394 3203 1592 3237 Amsivarits
1606 3204 1790 3237 existimat.
1815 3203 1867 3236 De
1878 3204 2087 3237 Germaniae

1222 3252 1307 3286 locis
1331 3262 1403 3286 non
1425 3252 1595 3287 concedo.
1625 3254 1758 3287 Rirrsn.

1266 3353 1298 3387 9.
1326 3353 1464 3387 Flumen
1494 3354 1642 3397 Visun-qis
1655 3370 1703 3379 --
1716 3352 1936 3397 interfluebat]
1970 3352 2085 3388 Locus

1221 3402 1256 3435 in
1279 3411 1387 3444 quem
1409 3404 1556 3437 Romani
1583 3403 1628 3437 ab
1651 3403 1804 3437 Amisiae
1833 3403 1930 3437 ostiis
1955 3402 2002 3436 ad
2024 3403 2085 3436 vi-

1220 3453 1354 3493 surgim
1379 3453 1674 3495 penetraverunt,
1705 3453 1735 3486 is
1763 3451 1858 3486 haud
1887 3450 1996 3486 dubia
2018 3451 2084 3485 aii-
