2254 3770
321 253 404 298 456

815 254 861 298 P.
885 252 1135 298 CORNELn
1162 253 1333 298 TAcm
1361 235 1629 299 ANNALIUM

322 358 406 411 vel,
445 359 482 403 si
519 359 806 418 pepercisset,
850 358 1099 404 clementiae
1135 359 1290 404 famam
1318 359 1646 418 adipisceretur,
1686 359 1786 405 illuc
1820 360 1979 418 pergit,
2016 374 2102 405 non

323 435 486 479 infenso
527 435 733 486 exercitu,
775 448 829 478 ne
869 448 992 492 spem
1019 435 1170 479 veniae
1199 435 1403 487 auferret,
1435 449 1578 494 neque
1607 442 1747 480 tamen
1776 435 1958 480 remissa
1986 449 2100 486 cura,

324 524 479 568 gnarus
514 509 680 554 facilem
715 516 878 553 mutatu
913 516 1099 567 gentem,
1141 517 1187 553 ut
1225 524 1401 568 segnem
1431 510 1485 554 ad
1523 510 1730 569 pericula,
1762 511 1819 554 ita
1847 509 2022 555 infidam
2048 510 2103 554 ad

324 586 586 630 occasiones.
637 584 824 637 barbari,
869 599 948 642 pro
991 585 1162 643 ingenio
1192 586 1396 644 quisque,
1442 585 1510 630 alii
1540 599 1693 644 preces
1723 586 1895 638 offerre,
1929 584 2104 645 quidam

294 661 526 705 sdeserere
556 661 675 704 vicos
706 667 749 704 et
775 660 819 703 in
847 660 942 704 avia
971 660 1158 718 digredi;
1189 674 1239 705 ac
1269 660 1388 705 fuere
1407 661 1481 719 qui
1511 675 1559 705 se
1589 660 1804 719 speluncis
1824 667 1867 705 et
1886 661 2106 706 carissima

325 750 472 780 secum
500 736 716 780 abderent.
764 736 891 793 igitur
921 735 1008 779 dux
1035 737 1250 780 Romanus
1280 736 1462 780 diversis
1492 737 1674 788 artibus,
1705 736 2001 780 misericordia
2029 736 2106 780 ad-

324 825 476 855 versus
506 811 740 869 suppliceS,
783 811 998 855 celeritate
1029 811 1236 855 adversus
1265 811 1489 869 profugos,
1530 812 1686 855 inmitis
1715 812 1787 863 iis,
1819 812 1894 870 qui
1923 811 2108 856 latebras

324 887 585 938 insederant,
618 900 693 930 ora
723 893 765 930 et
793 887 931 930 exitus
962 900 1170 944 specuum
1199 887 1425 931 sarmentis
1451 886 1729 945 virgultisque
1760 886 1995 945 completos
2025 887 2108 945 igni

326 963 475 1006 exurit.
516 968 644 1020 atque
674 961 790 1005 illum
819 961 927 1006 fines
957 976 1060 1006 suos
1090 961 1458 1020 praegredientem
1489 962 1761 1007 incursavere
1791 962 1944 1020 Mardi,
1982 962 2109 1006 latro-

276 1053 312 1083 ιο
326 1037 446 1082 ciniis
484 1038 657 1082 exerciti
694 1044 927 1095 contraque
967 1038 1273 1095 irrumpentem
1309 1037 1523 1081 montibus
1559 1037 1744 1090 defensi;
1783 1051 1894 1095 quos
1924 1037 2109 1082 Corbulo

324 1113 510 1157 inmissis
550 1112 718 1157 Hiberis
758 1113 936 1157 vastavit
972 1113 1258 1170 hostilemque
1297 1112 1518 1157 audaciam
1557 1119 1732 1156 externo
1761 1113 1968 1171 sanguine
1998 1111 2110 1156 ultus

424 1175 430 1182 ι

326 1195 403 1233 est.
450 1188 531 1246 (24)
564 1189 656 1246 ipse
687 1189 986 1246 exercitusque
1016 1196 1062 1231 ut
1092 1188 1217 1232 nullis
1249 1202 1300 1232 ex
1330 1187 1494 1246 proelio
1515 1187 1698 1239 damnis,
1731 1188 1788 1231 ita
1816 1201 1896 1246 per
1922 1188 2110 1246 inopiam

327 1271 369 1309 et
396 1264 568 1308 labores
598 1263 867 1316 fatiscebant,
900 1277 1027 1308 carne
1056 1263 1274 1322 pecudum
1301 1263 1554 1322 propulsare
1583 1263 1738 1307 famem
1766 1262 1917 1307 adacti.
1953 1263 2007 1307 ad
2030 1263 2110 1308 hoc

326 1340 508 1399 penuria
537 1353 693 1398 aquae,
726 1339 887 1384 fervida
917 1346 1078 1392 aestas,
1110 1339 1340 1397 longinqua
1368 1339 1520 1382 itinera
1549 1338 1642 1382 sola
1661 1338 1782 1382 ducis
1812 1339 2013 1396 patientia
2031 1339 2109 1382 mi-

277 1432 314 1462 ⁴5
326 1415 588 1475 tigabantur‚
631 1415 784 1459 eadem
824 1414 1033 1473 pluraque
1069 1414 1266 1472 gregario
1305 1414 1436 1458 milite
1471 1413 1702 1458 tolerantis.
1748 1420 1921 1458 ventum
1956 1413 2112 1459 dehinc

328 1494 369 1535 in
406 1491 524 1535 locos
562 1490 698 1534 cultos
735 1490 1049 1548 demessaeque
1083 1497 1275 1548 segetes,
1316 1496 1358 1532 et
1395 1503 1448 1533 ex
1483 1489 1653 1533 duobus
1683 1489 1884 1541 castellis,
1927 1490 1969 1533 in
1998 1503 2112 1549 quae

328 1568 602 1625 confugerant
631 1566 835 1617 Armenii,
878 1566 1056 1610 alterum
1086 1566 1247 1623 impetu
1276 1570 1468 1623 captum3
1507 1565 1580 1623 qui
1612 1565 1791 1623 primam
1820 1566 1905 1608 vim
1934 1564 2112 1623 depule-

329 1648 441 1694 rant,
483 1641 708 1686 obsidione
746 1647 966 1699 coguntur.
1011 1640 1125 1684 unde
1155 1641 1198 1683 in
1226 1641 1445 1697 regionem
1475 1640 1791 1684 Tauraunitium
1820 1647 2112 1698 transgressus

328 1719 593 1777 inprovisum
621 1716 860 1776 periculum
889 1717 1043 1761 vitavit.
1088 1729 1185 1759 nam
1215 1716 1330 1759 haud
1360 1715 1509 1774 procul
1544 1716 1725 1759 tentorio
1755 1716 1849 1759 eius
1878 1730 1964 1759 non
1994 1715 2112 1774 igno-

280 1810 317 1840 20
330 1795 426 1840 bilis
457 1793 664 1838 barbarus
695 1807 792 1837 cum
819 1792 902 1837 telo
931 1798 1127 1850 repertus
1159 1792 1353 1836 ordinem
1381 1791 1629 1835 insidiarum
1661 1805 1796 1849 seque
1823 1798 2040 1835 auctorem
2070 1797 2113 1835 et

331 1871 472 1914 socios
501 1883 580 1927 per
608 1875 818 1912 tormenta
847 1869 999 1921 edidit;
1031 1868 1299 1925 convictique
1330 1875 1371 1911 et
1400 1867 1534 1924 puniti
1565 1875 1662 1910 sunt
1691 1867 1764 1925 qui
1794 1867 1940 1924 specie
1966 1866 2112 1911 amici-

330 1947 413 1990 tiae
454 1945 600 1989 dolum
635 1944 853 2001 parabant.
898 1958 979 1988 nec
1015 1943 1147 1987 multo
1185 1950 1283 2002 post
1322 1942 1446 2000 legati
1482 1942 1778 1999 Tigranocerta
1815 1942 1934 1985 missi
1964 1949 2111 1999 patere

331 2022 501 2066 moenia
540 2020 737 2072 afferunt,
783 2020 966 2063 intentos
1004 2019 1222 2077 popularis
1266 2018 1320 2062 ad
1358 2019 1485 2062 iussa.
1531 2017 1655 2061 simul
1692 2016 1900 2075 hospitale
1939 2016 2110 2069 donum,

397 2162 429 2194 3.
453 2161 574 2202 faciem
594 2161 629 2194 M
654 2177 690 2183 —-
721 2158 753 2191 4.
776 2156 853 2200 iices
874 2159 907 2192 M
933 2177 968 2182 -
995 2159 1027 2191 7.
1052 2159 1093 2191 iis
1115 2160 1161 2191 G:
1193 2158 1242 2191 his
1265 2159 1299 2192 M
1324 2177 1359 2182 —
1393 2158 1446 2190 42.
1465 2158 1597 2199 praelio
1619 2158 1651 2191 M
1678 2175 1712 2180 —
1746 2156 1799 2190 ⁴4.
1824 2165 1910 2198 aque
1931 2157 1965 2190 M
1990 2174 2026 2180 -
2059 2156 2111 2191 45.

329 2219 495 2259 pluraque
517 2218 571 2249 Fr.
589 2215 758 2248 lacobus:
778 2216 885 2256 plura
908 2224 1010 2257 quam
1025 2215 1058 2248 M
1077 2232 1112 2237 —
1131 2215 1302 2248 tolerantis
1320 2215 1517 2247 Ernestius:
1543 2214 1696 2246 toleranti
1718 2214 1750 2246 M
1777 2231 1813 2236 -
1838 2213 1892 2246 46.
1916 2214 2117 2253 dernesseque

334 2275 367 2308 M
393 2292 428 2297 —
453 2274 553 2314 inque
573 2273 793 2314 confugerant
816 2272 849 2304 M
876 2289 909 2295 -
939 2271 991 2304 48.
1017 2271 1265 2303 tauraunitium
1288 2272 1338 2304 M:
1367 2270 1620 2303 Tauraunitium
1643 2268 1710 2302 aiii.
1732 2287 1766 2293 -
1792 2270 1844 2302 49.
1865 2278 1902 2311 p.
1918 2269 1978 2301 vix
1998 2268 2118 2302 vitavit

334 2329 522 2364 Acidalius.
550 2348 586 2354 -
611 2330 666 2362 22.
691 2329 918 2371 triqanocerta
939 2329 973 2362 M
995 2347 1038 2352 —
1060 2328 1114 2361 23.
1138 2329 1250 2361 menia
1272 2329 1305 2361 M
1329 2345 1364 2350 —
1388 2328 1562 2369 popularis
1583 2328 1635 2360 M:
1656 2327 1834 2368 populares
1855 2324 1970 2367 vulgo.

333 2449 431 2491 oeata]
441 2448 491 2481 Cf.
501 2448 533 2487 2,
545 2447 598 2480 56.
612 2446 664 2480 Ab
676 2448 759 2489 ipsis
771 2447 945 2480 Armeniis
958 2448 1025 2480 hoc
1033 2447 1201 2489 oppidum

335 2501 483 2532 vocatur
497 2498 733 2531 Artaschad.—
749 2498 886 2539 infidam
902 2499 946 2530 ad
961 2498 1156 2540 occasiones]
1174 2498 1203 2530 si

337 2551 475 2584 occasio
499 2550 695 2590 opportuna
719 2547 906 2580 deficiendi
929 2548 1084 2588 daretur,
1110 2548 1204 2580 defe-

338 2602 473 2633 cturam
497 2597 607 2631 facile.
629 2615 663 2620 -
685 2598 983 2638 praegredientem]
1006 2599 1028 2630 i.
1046 2607 1081 2639 q.
1099 2606 1203 2638 prae-

337 2650 597 2692 terqredientem.
617 2648 672 2680 Sic
688 2649 877 2690 praefluere
892 2657 955 2690 pro
969 2650 1205 2690 praeterfluere

338 2703 371 2742 2,
388 2701 448 2739 63;
464 2698 621 2740 praevehi
637 2706 700 2739 pro
714 2699 920 2738 praetervehi
936 2699 968 2737 2,
983 2698 1012 2730 6.
1030 2716 1064 2720 —
1079 2697 1204 2739 Mardi]

339 2752 374 2783 h.
392 2749 416 2782 l.
434 2748 641 2796 Armeniae:
668 2748 740 2779 tota
758 2748 852 2780 natio
870 2748 1009 2790 potens,
1037 2747 1204 2780 bellicosa

340 2809 383 2833 ac
418 2798 567 2831 diversis
602 2798 637 2829 in
672 2797 818 2830 sedibus
852 2796 1037 2834 collocata;
1074 2798 1204 2839 quippe

340 2849 480 2884 Mardos
503 2847 702 2880 invenimus
719 2848 823 2879 etiam
847 2847 883 2879 in
903 2847 1093 2887 Hyrcania,
1119 2848 1206 2879 Mar-

342 2901 460 2942 giana,
498 2897 639 2930 Perside
670 2898 706 2929 et
733 2897 776 2929 ad
807 2896 886 2929 litus
915 2896 1084 2929 orientale
1108 2897 1206 2929 Ponti

342 2948 476 2983 Euxini.
515 2947 565 2980 Cf.
596 2946 680 2980 Plin.
714 2948 754 2978 N.
780 2947 821 2979 H.
848 2947 867 2979 6
898 2946 994 2988 547.
1026 2945 1207 2988 Anquetil-

343 3001 528 3041 Duperron
550 2998 585 3030 in
608 2997 782 3029 Memoires
803 2998 842 3029 de
863 2997 1060 3029 l'Academie
1083 2998 1137 3028 des
1150 2997 1208 3028 In-

342 3049 518 3089 scripticns
539 3050 568 3080 et
582 3047 830 3079 Bettes-Lettres
844 3047 880 3078 T.
899 3047 997 3085 XLV,
1016 3055 1050 3088 p.
1068 3047 1109 3079 87
1127 3055 1205 3087 sqq.

387 3099 441 3132 24.
466 3106 569 3130 carne
587 3097 750 3138 pecudum
768 3105 803 3136 p.
820 3095 858 3137 fi]
883 3097 939 3128 Sic
956 3097 1061 3128 etiam
1079 3097 1208 3129 Caesar

344 3151 382 3183 B.
409 3151 447 3181 G.
472 3149 505 3188 7,
539 3148 599 3180 47:
633 3155 736 3186 usque
768 3155 823 3186 eo,
859 3150 896 3178 ut
927 3148 1109 3187 complures
1142 3147 1210 3179 dies

344 3200 463 3232 milites
483 3200 647 3240 frumento
669 3197 840 3230 caruerint
862 3200 892 3228 et
907 3206 1027 3237 pecore
1041 3206 1058 3230 e
1076 3198 1208 3239 lonqin-

346 3250 515 3290 quioribus
543 3250 624 3281 vicis
651 3249 770 3281 adacto
799 3250 984 3279 extremam
1007 3249 1128 3288 famem
1150 3257 1209 3280 su-

344 3302 534 3333 stentarent.
578 3300 712 3340 Nempe
747 3305 868 3330 carere
903 3296 1078 3330 frumento
1112 3297 1209 3330 militi

347 3351 503 3383 Romano
531 3350 687 3382 extrema
711 3349 823 3381 fames
846 3348 932 3380 erat.
957 3365 991 3369 -
1020 3348 1210 3380 Taurauni-

348 3399 445 3442 tium]
481 3400 613 3432 Horum
645 3397 737 3431 nulla
771 3397 811 3431 fit
843 3397 974 3430 mentio
1007 3397 1100 3439 apud
1124 3397 1210 3430 alios

1252 2448 1455 2489 scriptores.
1496 2446 1686 2488 Regionem
1717 2445 1762 2478 ad
1791 2444 2067 2487 septentrionem
2094 2451 2116 2477 a

1253 2497 1508 2538 Tigranocertis
1526 2497 1689 2528 Artaxata
1708 2503 1833 2527 versus
1849 2493 2036 2527 incoluisse
2053 2500 2116 2526 eos

1253 2549 1533 2579 consentaneum
1560 2548 1624 2579 est.
1658 2563 1694 2569 --
1722 2554 1788 2578 non
1817 2544 1972 2587 iqnobilis
1991 2543 2116 2576 barba—

1251 2597 1327 2638 rus]
1364 2597 1546 2629 Frontinus
1579 2597 1725 2637 Strateg.
1750 2596 1788 2634 2,
1813 2595 1850 2633 9,
1875 2596 1915 2627 5:
1953 2593 2118 2627 Domitius

1253 2647 1410 2686 Corbulo,
1435 2656 1510 2679 cum
1534 2646 1804 2687 Tigranocertam
1825 2645 1983 2678 obsideret
2004 2647 2035 2677 et
2052 2643 2117 2676 Ar-

1253 2698 1351 2730 menii
1379 2697 1598 2737 pertinaciter
1618 2697 1807 2728 viderentur
1835 2695 2009 2728 toleraturi
2031 2693 2118 2727 obsi-

1253 2748 1399 2787 dionem,
1431 2748 1467 2779 in
1499 2747 1662 2786 quendam
1684 2755 1728 2778 ea:
1749 2745 1940 2787 Meqistanis
1962 2753 2043 2785 quos
2063 2753 2119 2777 ee·

1249 2801 1348 2839 perat
1375 2797 1612 2829 animadvertit
1639 2800 1801 2836 caputque
1823 2796 1892 2827 eius
1913 2794 2033 2827 balista
2053 2803 2119 2827 ea>-

1253 2857 1382 2881 cussum
1395 2848 1487 2879 intra
1498 2847 1701 2879 munimenta
1711 2846 1851 2878 hostium
1861 2845 1959 2877 misit.
1986 2845 2023 2877 Id
2035 2844 2121 2885 ferte

1254 2899 1372 2931 decidit
1392 2898 1427 2929 in
1449 2898 1592 2929 medium
1615 2896 1804 2936 concilium,
1837 2895 1925 2936 quod
1955 2898 2024 2927 tum
2045 2903 2121 2927 cum

1253 2948 1401 2980 maxime
1423 2946 1583 2979 habebant
1606 2945 1742 2978 barbari
1751 2954 1762 2983 ,·
1785 2946 1830 2977 ad
1845 2946 1938 2977 cuius
1952 2947 2119 2985 aspectum

1254 2998 1342 3030 velut
1357 3000 1479 3029 ostento
1494 2996 1694 3029 consternati
1709 2997 1754 3028 ad
1769 2995 1964 3028 deditionem
1980 2994 2121 3035 festina-

1255 3050 1384 3081 verunt.
1411 3064 1446 3070 —
1478 3047 1714 3089 Tigranocerta
1741 3046 1851 3088 missi]
1885 3045 2122 3087 Tigranocerta

1258 3099 1311 3131 est
1340 3096 1530 3135 ablativus3
1568 3096 1648 3129 vide
1672 3095 1716 3128 ad
1747 3097 1787 3135 2,
1812 3095 1866 3128 56.
1895 3113 1931 3118 -
1962 3102 2121 3127 coronam
2159 3127 2166 3133 ,

1257 3148 1407 3188 auream]
1432 3147 1487 3180 Sic
1509 3148 1547 3187 2,
1573 3147 1614 3179 57
1638 3150 1720 3187 aput
1740 3155 1850 3188 reqem
1871 3145 2121 3178 Nabataeorum

1257 3207 1400 3231 coronae
1421 3207 1544 3230 aureae
1565 3207 1686 3239 magno
1705 3197 1850 3238 pondere
1865 3195 2000 3229 Caesari
2021 3194 2121 3236 (Ger-

1258 3247 1407 3289 manico)
1432 3251 1462 3281 et
1483 3248 1686 3289 Agrippinae
1708 3245 1957 3280 offerebantur.

1301 3300 1355 3331 25.
1388 3297 1606 3339 praesidium]
1642 3298 1770 3338 Accipe
1804 3295 1848 3328 de
1885 3293 2046 3335 castello,
2081 3296 2122 3328 ut

1259 3357 1366 3390 supra
1388 3348 1420 3387 3,
1437 3348 1490 3380 2⁴.
1523 3347 1560 3380 ld
1579 3346 1706 3380 milites
1723 3346 1893 3388 impositi,
1918 3343 2120 3378 fortitudine

1258 3397 1354 3438 freti,
1380 3396 1594 3437 clauserant,
1616 3404 1699 3430 cum
1714 3396 1836 3428 contra
1851 3394 2119 3437 Tigranocerta
