2254 3770
288 283 343 326 30
766 285 809 327 P.
844 283 1093 328 CORNELII
1122 284 1293 328 TACITI
1322 284 1590 329 ANNALIUM

290 397 362 435 aut
381 390 492 435 levia
513 390 669 435 munia.
704 390 830 448 igitur
849 390 993 434 audito
1023 390 1108 435 fine
1128 390 1303 449 Augusti
1330 390 1559 435 vernacula
1580 390 1804 437 multitudo
1823 407 1962 452 nuper
1980 400 2075 438 acto

287 467 331 510 in
360 466 468 511 urbe
498 466 674 517 dilectU,
707 465 908 510 lasciviae
939 472 1083 516 sueta,
1115 466 1311 509 laborum
1342 465 1591 516 intolerans,
1625 466 1802 525 implere
1835 475 2075 513 ceterorum

287 543 418 589 rudes
449 543 631 587 animos:
663 541 833 586 venisse
854 547 1023 599 tempus
1044 555 1131 600 quo
1151 541 1341 585 veterani
1363 548 1574 585 maturam
1593 542 1861 592 missionem,
1895 545 2074 590 iuvenes

287 619 470 677 largiora
501 617 732 676 stipendia,
776 611 920 661 cuncti
943 616 1119 661 modum
1149 616 1418 675 miseriarum
1449 624 1733 675 exposcerent
1767 620 2074 679 saevitiamque

254 694 583 740 scenturionum
611 692 933 737 ulciscerentur.
964 707 1049 736 non
1078 706 1190 735 unus
1220 691 1346 742 haec,
1377 698 1423 735 ut
1451 693 1716 738 Pannonicas
1745 694 1854 738 inter
1882 694 2074 754 legiones

286 770 569 819 Percennius,
611 782 691 812 nec
727 774 829 826 aput
857 767 1046 825 trepidas
1075 767 1255 810 militum
1284 781 1432 817 aures,
1465 767 1572 812 alios
1600 768 1830 814 validiores
1860 771 2073 815 exercitus

285 845 621 904 respicientium,
653 843 730 888 sed
761 842 892 886 multa
921 842 1142 887 seditionis
1162 857 1238 886 ora
1259 856 1497 901 vocesque:
1529 858 1606 888 sua
1627 845 1670 887 in
1689 859 1817 889 manu
1837 846 1961 890 sitam
1980 861 2074 891 rem

285 925 542 973 Romanam3
583 919 672 963 suis
706 919 894 963 victoriis
930 919 1077 976 augeri
1116 932 1208 962 rem
1241 917 1478 975 publicam3
1518 919 1560 963 in
1590 934 1715 964 suum
1744 928 2073 978 cognomentum

263 988 469 1042 ’adscisci
499 996 792 1054 imperatores.
825 994 905 1051 (32)
937 1007 1018 1038 nec
1047 993 1212 1053 legatus
1242 993 1413 1037 obviam
1442 994 1544 1038 ibat:
1575 996 1736 1054 quippe
1765 996 1951 1054 plurium
1971 1011 2072 1042 vae-

235 1085 272 1116 ⁴0
286 1073 433 1119 cordia
462 1072 739 1117 constantiam
769 1076 999 1113 exemerat.
1043 1076 1220 1127 repente
1250 1068 1455 1128 lymphati
1486 1069 1698 1115 destrictis
1721 1071 1871 1130 gladiis
1902 1075 1943 1116 in
1969 1087 2071 1117 cen-

283 1150 474 1193 turiones
504 1146 727 1191 invadunt:
759 1159 811 1189 ea
839 1145 1128 1189 vetustissima
1152 1144 1404 1189 militaribus
1432 1145 1541 1190 odiis
1568 1147 1768 1192 materies
1789 1154 1831 1192 et
1850 1149 2068 1194 saeviendi

282 1224 550 1283 principium.
589 1227 824 1280 prostratos
854 1220 1107 1265 verberibus
1136 1220 1341 1270 mulcant,
1373 1222 1574 1279 sexageni
1604 1222 1813 1281 singulos,
1845 1230 1892 1267 ut
1919 1237 2070 1269 nume-

283 1315 379 1344 rum
408 1298 703 1344 centurionum
733 1297 1043 1355 adaequarent:
1075 1302 1165 1340 tum
1192 1295 1420 1340 convulsos
1448 1296 1715 1356 laniatosque
1736 1305 1778 1342 et
1796 1299 1948 1356 partim
1968 1313 2069 1344 exa-

282 1376 420 1420 nimos
458 1380 557 1418 ante
593 1372 752 1417 vallum
793 1379 864 1416 aut
903 1372 945 1414 in
985 1386 1154 1416 amnem
1183 1372 1377 1416 Rhenum
1416 1372 1641 1430 proiciunt.
1701 1374 1930 1432 Septimius
1970 1389 2068 1420 cum

230 1464 267 1494 45
280 1451 538 1510 perfugisset
566 1448 621 1492 ad
649 1447 834 1492 tribunal
862 1446 1135 1505 pedibusque
1156 1447 1366 1492 Caecinae
1390 1448 1706 1500 advolveretur,
1739 1463 1792 1494 eo
1821 1464 1961 1509 usque
1991 1449 2068 1495 fla-

279 1527 432 1586 gitatus
473 1532 538 1570 est
567 1525 707 1569 donec
737 1523 791 1567 ad
821 1523 995 1567 exitium
1035 1522 1278 1566 dederetur.
1339 1523 1512 1568 Cassius
1543 1523 1754 1576 Chaerea,
1797 1540 1897 1570 mox
1932 1526 2066 1571 caede

280 1603 324 1648 C.
347 1601 542 1647 Caesaris
569 1600 823 1644 memoriam
852 1598 967 1657 apud
998 1605 1195 1656 posteros
1226 1598 1427 1657 adeptus,
1460 1606 1550 1643 tum
1579 1599 1834 1645 adulescens
1863 1609 1906 1646 et
1935 1602 2062 1646 animi

256 1679 415 1730 ferox,
461 1677 571 1721 inter
609 1676 827 1720 obstantes
866 1681 909 1719 et
948 1681 1133 1718 armatos
1171 1674 1284 1718 ferro
1324 1674 1436 1718 viam
1473 1675 1683 1733 patefecit.
1740 1690 1824 1720 non
1864 1676 2061 1722 tribunus

277 1754 407 1804 ultra,
449 1767 534 1797 non
572 1758 809 1797 castrorum
842 1749 1085 1808 praefectus
1123 1750 1190 1793 ius
1219 1749 1421 1794 obtinuit:
1462 1750 1647 1807 vigilias,
1687 1752 1907 1804 stationes,
1953 1759 1996 1797 et
2025 1753 2062 1797 si

320 1857 354 1890 2.
378 1858 497 1889 suaeta
511 1855 551 1902 ⁴M
568 1872 604 1878 —-
627 1853 763 1894 implere
784 1853 836 1886 M:
860 1852 1025 1893 impellere
1046 1850 1234 1885 Acidalius.
1255 1870 1292 1875 --
1318 1852 1350 1884 3.
1374 1853 1517 1885 uenisset
1537 1853 1587 1893 M,
1615 1852 1728 1886 littera
1752 1857 1766 1886 t
1786 1855 1919 1897 puncto
1942 1854 2062 1888 notata

277 1923 296 1946 a
321 1914 533 1946 correctore.
564 1929 600 1934 —
625 1909 785 1943 ‘aeter-and
807 1909 840 1942 M
863 1908 992 1951 (littera
1016 1909 1037 1941 d
1062 1909 1194 1951 puncto
1218 1909 1335 1941 notata
1359 1909 1394 1941 et
1416 1910 1656 1951 superscripta
1679 1910 1691 1942 i
1714 1909 1759 1943 ab
1784 1909 1850 1943 alia
1873 1910 1998 1954 manu)
2024 1929 2061 1935 —

278 1970 331 2003 40.
355 1970 520 2003 destrictis
540 1968 592 2008 M,
617 1966 683 2000 sed
705 1965 840 1998 litterae
863 1974 880 1997 c
902 1965 1144 2007 superscripta
1166 1966 1221 1997 est
1241 1965 1254 1997 i
1277 1973 1297 1997 a
1321 1973 1428 1998 manu
1452 1964 1644 1998 admodum
1661 1967 1807 2000 recenti.
1828 1984 1865 1991 —
1891 1967 1944 2000 44.
1969 1970 2066 2000 uetus

207 2021 210 2026 ’
274 2027 361 2059 sima
382 2027 415 2059 M
437 2024 687 2067 superscriptis
709 2021 833 2054 litteris
848 2023 892 2054 tis
911 2039 947 2044 -
965 2021 1110 2053 scatendi
1133 2021 1167 2053 M
1184 2037 1221 2043 —-
1247 2021 1300 2053 42.
1316 2022 1466 2053 mulcant
1486 2022 1520 2055 M
1542 2023 1780 2064 superscripta
1796 2026 1810 2055 t
1824 2023 1916 2056 inter
1930 2022 2063 2057 litteras

276 2092 294 2115 c
316 2084 353 2115 et
374 2090 397 2114 a
419 2080 464 2113 ab
488 2089 560 2113 rec.
579 2088 628 2112 m.
649 2097 685 2102 —
707 2079 883 2120 sexagenis
903 2078 1052 2120 singulos
1074 2076 1223 2119 (scilicet
1244 2078 1283 2109 ut
1305 2076 1488 2119 plagarum
1510 2086 1659 2111 numero
1677 2080 1903 2113 centuriones
1918 2080 2063 2114 honoris

275 2139 331 2172 sui
353 2136 646 2179 admonerentur)
670 2135 893 2169 Thierschius
920 2136 956 2168 et
978 2134 1160 2176 Zumptius
1182 2132 1241 2176 (ad
1262 2134 1400 2167 Verrin.
1419 2143 1455 2177 p.
1471 2134 1559 2175 583).
1580 2152 1616 2158 -
1643 2134 1696 2168 44.
1721 2137 1892 2177 septimius
1913 2136 1982 2169 iam
2005 2145 2060 2179 pr.

274 2195 327 2235 M,
357 2193 421 2228 sed
445 2201 526 2226 cum
547 2192 684 2225 litterae
706 2193 752 2224 mi
775 2200 841 2234 per
863 2190 1115 2233 compendium
1137 2190 1289 2232 scriptae
1312 2190 1400 2231 siut,
1432 2193 1612 2224 corrector
1633 2192 1646 2224 i
1669 2192 1776 2225 etiam
1798 2192 2059 2235 superscripsit.

278 2269 314 2274 —
341 2250 394 2284 ⁴8.
413 2249 568 2292 patifecit
589 2257 642 2292 pr.
667 2248 712 2282 M.

1191 2327 1519 2369 interpretabimur:
1545 2328 1691 2369 implere,
1716 2329 1840 2362 inflare
1859 2329 1968 2363 rudes
1983 2330 2061 2363 ani-

275 2340 418 2373 quoque
433 2330 685 2373 Agrippinenses
700 2330 817 2362 Germ.
831 2327 885 2361 28.
910 2327 1066 2360 Primum
1083 2327 1143 2360 ha-

1192 2386 1270 2410 mos
1306 2386 1397 2410 vana
1433 2386 1496 2419 spe
1530 2379 1636 2420 atque
1669 2378 1835 2411 vaecordi
1869 2379 2059 2422 cupiditate

273 2381 435 2415 bitabant
457 2381 493 2414 in
517 2381 639 2413 dextra
662 2379 773 2412 Rheni
796 2379 871 2420 ripa
893 2378 985 2410 inter
1007 2378 1143 2419 Sigam-

274 2432 359 2465 bros
390 2432 426 2464 et
455 2431 608 2467 Suevos:
639 2437 767 2462 verum
797 2429 887 2461 teste
912 2426 1084 2460 Strabone
1107 2426 1139 2460 4

274 2491 309 2524 p.
335 2480 417 2514 ⁴94:
444 2481 561 2539 πέραν
582 2477 624 2512 δὲ
645 2474 773 2522 ᾤκουν
789 2473 925 2517 Ου’βιοι
940 2474 1037 2509 κατὰ
1052 2474 1143 2510 τοῦ-

274 2541 342 2564 τον
356 2528 424 2564 τὸν
441 2527 562 2563 τόπον
585 2525 690 2572 (τοὺς
707 2526 968 2587 Τρηουΐρους),
991 2523 1058 2568 οὓς
1073 2536 1142 2570 με-

272 2578 436 2625 τήγαγεν
466 2578 661 2626 Αγρίππας
683 2575 842 2619 ἑκόντας
864 2578 918 2618 εἰς
942 2573 1013 2620 τὴν
1035 2573 1142 2617 ἐντὸς

273 2629 342 2664 τοῦ
362 2627 496 2675 Ρήνου
521 2630 614 2671 (inde
639 2628 683 2662 ab
703 2637 734 2661 a.
754 2637 789 2661 u.
806 2637 836 2660 c.
855 2628 942 2668 747).
962 2644 999 2651 -
1020 2629 1140 2670 nuper]

273 2683 354 2715 ante
389 2681 544 2723 quinque
579 2680 718 2713 circiter
751 2686 882 2717 annos,
916 2677 1072 2710 nuntiata
1107 2679 1141 2710 in

272 2731 361 2765 urbe
393 2730 492 2764 clade
523 2730 692 2769 Variana,
725 2736 807 2761 cum
838 2727 981 2769 quidem
1009 2727 1139 2760 Romae

272 2781 430 2816 subitum
465 2779 611 2813 militem
645 2779 822 2820 Augustus
856 2777 1065 2818 conscripsit
1095 2777 1139 2810 ad

272 2830 419 2865 tutelam
441 2831 538 2872 ripae
562 2829 673 2862 Rheni
695 2829 731 2860 et
752 2826 942 2870 plerosque
963 2835 982 2858 e
1006 2825 1140 2860 liberti·

272 2883 337 2916 nis.
363 2882 506 2914 Sueton.
525 2880 599 2912 Oct.
617 2880 671 2911 25.
689 2878 753 2911 Dio
769 2878 823 2918 55,
841 2877 876 2909 3⁴
889 2901 896 2909 .
910 2877 965 2917 56,
978 2876 1031 2909 23.
1050 2878 1136 2910 Lirs.

272 2934 360 2966 Hinc
374 2929 556 2965 vernacula
569 2928 755 2968 multitudo,
773 2927 915 2968 originis
931 2925 1066 2960 servilis
1081 2926 1138 2959 vel

271 2981 476 3020 libertinae:
493 2978 536 3013 ἐκ
551 2975 619 3011 τοῦ
635 2973 797 3011 ἀστικοῦ
814 2972 946 3016 ὄχλου,
965 2977 1003 3008 ut
1018 2977 1065 3009 ait
1073 2976 1136 3009 Dio

272 3033 325 3071 57,
343 3033 416 3065 5.—
434 3029 627 3071 implere--
639 3027 778 3070 animos]
793 3028 921 3059 Contra
938 3027 1030 3059 hanc
1043 3025 1138 3059 codi-

272 3083 322 3114 cis
337 3080 525 3114 lectionem
541 3079 783 3112 coniecturam
797 3077 962 3117 impellere
973 3077 1057 3109 satis
1072 3084 1137 3117 pro

271 3131 419 3173 imperio
435 3128 583 3164 wolfius
605 3129 708 3160 unice
728 3135 851 3159 veram
874 3134 954 3158 esse
977 3133 1137 3167 pronun-

271 3181 385 3214 tiavit:
417 3179 545 3213 «Aures
570 3177 818 3212 seditiosorum
841 3176 988 3216 implere,
1009 3177 1137 3208 animos

270 3230 436 3271 impellere
460 3229 620 3262 Latinum
648 3229 735 3260 estm
767 3224 977 3259 Doederlein
1004 3225 1136 3259 codicis

269 3279 455 3313 lectionem
471 3277 690 3320 aliquatenus
706 3274 897 3309 defendere
913 3276 1061 3308 conatur
1074 3284 1137 3307 ex-

270 3329 450 3373 plicando:
481 3330 742 3361 «contaminare
773 3325 899 3359 eadem
921 3324 1062 3358 lascivia
1084 3324 1135 3358 la-

270 3379 469 3420 horumque
500 3377 768 3416 intolerantia»,
801 3383 1011 3417 comparans
1040 3370 1135 3407 ἀνα-

271 3425 482 3473 πιμπλάναι
497 3427 648 3470 (nautae
662 3426 744 3468 cet.)
767 3426 811 3459 At
824 3423 927 3467 longe
943 3423 1135 3467 simplicius

1193 2427 1480 2468 commodorum,
1505 2432 1596 2469 quae
1619 2426 1816 2470 legionibus
1837 2438 1965 2471 parare
1988 2430 2059 2463 iam

1191 2475 1324 2510 liceret.
1368 2476 1533 2510 Similiter
1562 2476 1663 2511 Silius
1697 2478 1729 2519 ⁴,
1755 2479 1837 2511 ⁴05:
1872 2479 2061 2521 attollitque

1191 2527 1320 2559 animos
1341 2527 1505 2560 hortando
1527 2531 1558 2560 et
1582 2527 1702 2560 talibus
1722 2529 1850 2570 implet,
1883 2538 1954 2572 quo
1976 2538 2060 2563 ver-

1191 2575 1300 2609 siculo
1324 2576 1524 2610 confutatur
1546 2579 1643 2610 certe
1659 2577 1818 2611 Wolfius.
1847 2579 1886 2612 In
1908 2581 2059 2622 utraque

1190 2635 1276 2659 vero
1298 2625 1448 2659 lectione
1473 2625 1708 2668 supplendum
1732 2630 1799 2660 erit
1822 2628 1970 2663 «talibus
1985 2637 2060 2663 ser-

1191 2676 1394 2710 monibus»:
1429 2677 1554 2710 venisse
1583 2681 1707 2718 tempus
1730 2680 1797 2711 cet.
1825 2696 1861 2702 —
1897 2680 1933 2712 in
1961 2688 2060 2713 suum

1188 2730 1437 2768 cognomentum
1451 2727 1604 2768 adscisci]
1619 2736 1703 2760 «suo
1721 2731 1955 2770 cognomento
1971 2730 2059 2763 Gor-

1188 2778 1336 2810 mam‘cos
1351 2776 1518 2819 appellari
1533 2777 1799 2819 imperatores».
1818 2780 1913 2812 Suet.
1933 2778 2055 2814 Claud.

1189 2827 1226 2859 ⁴:
1253 2827 1393 2860 Senatus
1408 2827 1546 2868 (Druso)
1566 2827 1706 2860 decrevit
1721 2828 1912 2861 Gemanici
1933 2838 2058 2871 coqne-

1186 2886 1262 2910 men
1282 2877 1346 2918 ipsi
1365 2876 1569 2918 posterisque
1586 2877 1655 2909 eius
1672 2878 1889 2917 (Germanico
1906 2880 1942 2911 et
1957 2878 2057 2912 Cleu-

1187 2926 1269 2967 dio).
1308 2927 1371 2960 Dio
1393 2927 1447 2966 55,
1471 2927 1504 2959 2
1540 2927 1630 2959 Raro
1661 2928 1780 2959 autem
1807 2927 1946 2961 Tiberio
1968 2929 2055 2962 Ger-

1184 2977 1309 3010 manici
1339 2984 1536 3018 cognomen
1564 2975 1678 3009 datur.
1725 2977 1812 3010 Vide
1839 2979 1947 3011 lnscr.
1978 2979 2051 3011 Lat.

1186 3037 1221 3061 n.
1245 3026 1343 3086 2265.
1374 3027 1438 3060 Dio
1461 3027 1515 3066 57,
1540 3026 1579 3059 8:
1614 3021 1696 3059 ³c'crn
1717 3021 1796 3059 δ”*
1773 3037 1838 3060 ore
1866 3028 1932 3061 καὶ
1962 3028 2053 3076 Γερ-

1185 3073 1348 3121 μανικὸς
1369 3075 1412 3109 ἐκ
1434 3073 1509 3109 τῶν
1528 3072 1604 3109 ὑπὸ
1619 3074 1687 3109 τοῦ
1702 3076 1938 3125 Γερμανικοῦ
1955 3088 2052 3127 πρα-

1185 3128 1354 3168 χθέντων
1369 3145 1390 3152 -
1401 3147 1421 3153 -
1435 3121 1665 3170 ὠνομάζετο.

1229 3227 1283 3260 32.
1306 3231 1344 3260 ut
1363 3235 1538 3260 numerum
1559 3226 1789 3260 centurionum
1810 3208 2048 3273 adaeaeiuarent]

1186 3278 1225 3310 ut
1252 3278 1303 3310 tot
1330 3276 1456 3310 milites
1484 3275 1639 3318 singulos
1668 3277 1890 3311 centuriones
1912 3278 2049 3313 mulca-

1185 3328 1283 3367 rent,
1317 3328 1402 3368 quot
1431 3328 1550 3360 essent
1583 3327 1820 3361 centuriones.
1854 3346 1890 3353 -
1918 3329 2050 3363 Cassius

1186 3376 1332 3410 Chaerea
1354 3376 1436 3418 σοι]
1468 3377 1611 3409 Sueton.
1636 3374 1740 3417 Celig.
1767 3377 1828 3410 56:
1861 3378 1943 3412 eum
1966 3379 2046 3420 pla-

1184 3426 1301 3459 cuisset
1334 3425 1495 3458 Palatinis
1533 3425 1620 3458 ludis
1653 3427 1838 3467 spectaculo
1882 3436 2046 3470 summm
