2254 3770
732 309 887 354 LIBER
914 309 997 354 XV.
1043 308 1142 366 Cap.
1174 309 1241 352 44.
1272 309 1338 353 45.
1369 309 1436 353 46.

1885 307 1967 351 497

183 413 352 459 obsidio
387 413 597 471 legiones,
640 423 682 459 et
710 415 923 460 decedere
954 429 1122 460 omnem
1161 415 1332 460 militem
1363 415 1518 460 finibus
1547 415 1862 466 Armeniorum,
1895 428 1966 458 ca-

183 489 390 557 stellaque
420 496 463 534 et
492 497 754 542 commeatus
783 490 948 535 Parthis
978 491 1108 544 tradi;
1144 491 1300 549 quibus
1330 492 1583 549 perpetratis
1615 491 1737 549 copia
1765 489 1960 547 Vologesi

181 565 303 609 fieret
322 565 512 609 mittendi
536 565 588 608 ad
610 567 823 610 Neronem
845 566 1020 624 legatos.
1053 566 1084 623 (4
1094 567 1132 622 5)
1159 567 1326 610 interim
1346 565 1507 610 flumini
1527 566 1730 610 Arsaniae
1753 566 1803 622 (is
1824 567 1960 609 cas'tra

181 639 458 698 praefluebat)
479 647 653 698 pontem
673 642 891 699 imposuit,
915 642 1062 700 specie
1082 641 1161 685 sibi
1184 641 1284 685 illud
1307 642 1387 685 iter
1406 642 1691 700 expedientis3
1723 640 1799 685 sed
1820 639 1961 684 Parthi

181 715 302 772 quasi
334 714 636 760 documentum
671 717 874 761 victoriae
903 718 1127 761 iusserant.
1171 731 1356 775 namque
1385 717 1438 761 iis
1467 717 1563 761 usui
1594 717 1686 769 fuit;
1721 715 1851 760 nostri
1882 726 1992 772 pers

180 790 395 835 diversum
425 792 526 836 iere.
571 791 735 836 addidit
762 806 907 836 rumor
935 792 1016 836 sub
1042 792 1187 849 iugum
1209 792 1360 836 missas
1381 792 1573 850 legiones
1594 799 1636 836 et
1656 791 1738 836 alia
1758 805 1810 835 ex
1830 789 1961 834 rebus

179 865 388 920 infaustis,
428 881 609 925 quorum
649 867 921 912 simulacrum
960 867 1014 911 ab
1054 868 1262 912 Armeniis
1298 874 1548 925 usurpatum
1585 874 1662 912 est.
1705 880 1890 924 namque
1920 872 1963 910 et

178 942 439 986 munimenta
469 943 649 1000 ingressi
680 949 797 994 sunt,
830 950 1055 1001 antequam
1087 957 1239 1001 agmen
1268 945 1503 987 Romanum
1534 943 1782 993 excederet,
1816 949 1857 986 et
1879 942 1962 985 cir-

179 1012 434 1062 cumstetere
463 1018 573 1069 vias,
606 1019 772 1076 captiva
802 1018 902 1062 olim
932 1018 1145 1077 mancipia
1169 1025 1242 1063 aut
1259 1019 1447 1063 iumenta
1468 1018 1778 1076 adgnoscentes
1798 1017 1961 1061 abstra-

179 1093 430 1151 hentesque.
471 1100 617 1152 raptae
661 1094 787 1137 etiam
817 1101 980 1146 vestes,
1022 1100 1183 1138 retenta
1214 1108 1350 1146 arma,
1390 1093 1548 1152 pavido
1578 1093 1708 1138 milite
1738 1099 1781 1137 et
1809 1106 1962 1137 conce·
1975 1103 2011 1134 io

178 1167 326 1221 dente,
366 1182 420 1212 ne
458 1182 544 1227 qua
585 1168 736 1226 proelii
779 1183 909 1213 causa
947 1170 1161 1214 existeret.
1208 1169 1439 1228 Vologeses
1478 1170 1607 1213 armis
1637 1175 1680 1213 et
1708 1167 1961 1226 corporibus

179 1257 403 1289 caesorum
433 1245 664 1302 aggeratis,
696 1258 783 1303 quo
813 1244 978 1289 cladem
1008 1251 1196 1289 nostram
1223 1251 1461 1297 testaretur,
1498 1245 1591 1288 visu
1623 1244 1871 1302 fugientium
1900 1243 1956 1287 le-

178 1321 349 1378 gionum
379 1319 591 1363 abstinuit.
636 1319 745 1363 fama
775 1320 1079 1364 moderationis
1109 1320 1415 1379 quaerebatur,
1459 1326 1685 1379 postquam
1716 1319 1961 1377 superbiam

179 1394 434 1452 expleverat.
464 1394 623 1439 flumen
644 1396 860 1440 Arsaniam
882 1395 1108 1454 elephanto
1128 1396 1339 1448 insidens,
1370 1396 1590 1454 proximus
1611 1395 1796 1454 quisque
1814 1408 1961 1452 regem

178 1471 218 1514 vi
257 1484 467 1528 equorum
507 1484 765 1529 perrupere,
813 1472 913 1530 quia
947 1485 1094 1515 rumor
1123 1471 1358 1515 incesserat
1384 1477 1558 1529 pontem
1589 1484 1809 1515 cessurum
1841 1469 1959 1514 oneri
1973 1482 2010 1512 15

177 1541 613 1590 dolo'sabricantium.
658 1547 737 1591 sed
767 1547 840 1605 qui
874 1547 1038 1605 ingredi
1069 1547 1160 1590 ausi
1192 1553 1309 1599 sunt,
1349 1546 1535 1590 validum
1566 1553 1608 1591 et
1636 1546 1768 1590 fidum
1797 1545 1960 1590 intelle-

175 1635 290 1666 xere.
337 1621 418 1679 (46)
449 1628 640 1667 ceterum
670 1622 861 1667 obsessis
891 1622 1000 1667 adeo
1031 1622 1375 1681 suppeditavisse
1404 1636 1497 1667 rem
1523 1619 1839 1667 frumentariam
1859 1635 1960 1666 con-

241 1761 274 1807 3.
297 1760 461 1795 Arsaniae
481 1761 676 1796 Acidalius:
703 1763 864 1796 arsanieti
885 1763 919 1796 M
944 1780 980 1786 -
1004 1762 1037 1796 4.
1061 1762 1262 1804 eapedientis
1284 1762 1439 1795 Grotius:
1469 1762 1668 1803 emperienlis
1689 1762 1724 1795 M
1748 1780 1784 1786 —
1809 1762 1842 1795 5.
1867 1762 1960 1795 doci-

175 1821 322 1851 mentum
341 1819 481 1853 uictorie
502 1820 535 1853 M
557 1837 600 1844 —
631 1820 663 1853 6.
686 1817 787 1863 iuqu's
808 1821 841 1854 M
866 1838 902 1843 —
937 1820 968 1853 9.
994 1821 1203 1853 aduescentes
1227 1819 1492 1860 abstraentesque
1513 1820 1547 1853 Μ
1572 1836 1608 1843 -
1641 1820 1695 1852 44.
1717 1819 1838 1860 praelii
1859 1819 1894 1852 M
1920 1836 1956 1842 —

178 1875 231 1907 42.
255 1883 403 1908 cesorum
423 1876 458 1909 M
483 1894 519 1900 -
544 1877 714 1919 ayyeratis
736 1877 916 1911 Heinsius:
941 1878 1135 1920 aqqreyatis
1155 1877 1190 1911 M
1215 1894 1251 1901 —
1277 1875 1331 1910 ⁴4.
1355 1875 1544 1917 expleberat
1565 1876 1599 1909 M
1624 1893 1660 1899 —
1686 1876 1740 1910 47,
1765 1879 1908 1923 ceterum
1926 1876 1958 1909 M

179 1948 216 1955 —
239 1932 492 1974 suippiditauisse
512 1933 557 1967 M.

174 2058 278 2092 ynam
304 2050 555 2094 Arsacidarum]
585 2052 608 2085 i.
634 2061 666 2085 e.
697 2052 838 2095 dignam
866 2052 1042 2087 Arsacidis

175 2108 265 2133 rem.
305 2101 581 2134 constructionis
614 2103 757 2136 rarioris
792 2102 961 2145 exemplis
996 2103 1040 2136 ab

175 2149 250 2183 aliis
265 2149 407 2193 prolatis
424 2151 515 2184 adde
531 2153 746 2186 Marcianum
756 2153 830 2195 Dig.
846 2152 900 2194 49,
917 2153 970 2194 44,
985 2153 1039 2194 48,

176 2200 216 2233 9:
240 2209 281 2233 ne
303 2201 452 2242 alioquin
470 2211 613 2243 poenam
629 2204 787 2244 patiatur
804 2204 941 2245 dianam
962 2212 1042 2237 suae

169 2259 344 2291 personae.
369 2253 559 2294 Sequentia
581 2254 627 2286 ita
652 2253 820 2296 explana:
848 2253 1040 2287 «adiecisse

175 2300 262 2334 deos
284 2310 361 2335 rem
385 2302 526 2345 dignam
550 2303 684 2346 fastigio
707 2304 975 2345 Arsacidarum,
1002 2305 1042 2337 ut

175 2359 246 2383 non
280 2351 395 2384 solum
429 2353 473 2385 de
503 2354 688 2395 Armenia,
723 2363 815 2396 quae
845 2355 915 2387 iam
945 2354 1041 2387 haud

175 2399 282 2434 dubie
311 2401 347 2434 in
376 2402 626 2436 Arsacidarum
657 2405 869 2446 potestatem
890 2405 1038 2446 venerit,

175 2450 371 2484 sed⁴simul
395 2453 500 2486 etiam
523 2453 568 2486 de
592 2456 688 2487 sorte
710 2453 889 2496 legionum
911 2456 1041 2488 Roma-

175 2508 300 2534 narum
323 2502 554 2536 statuerent.»
580 2521 616 2526 —
642 2503 750 2546 Paeto]
773 2505 796 2536 i.
819 2513 851 2537 e.
875 2513 896 2537 a
919 2506 1037 2538 Paeto.

174 2549 263 2583 Vide
286 2550 332 2583 ad
354 2551 392 2592 2,
418 2552 471 2585 50.
499 2570 535 2576 —
566 2553 736 2596 Lucullos]
765 2554 837 2587 Liv.
861 2554 951 2596 Epit.
977 2555 1038 2588 98:

174 2600 212 2634 L.
235 2601 393 2635 Lucullus
413 2603 449 2635 in
463 2602 622 2637 Armenia
635 2605 861 2638 Mithridatem
873 2608 904 2638 et
920 2605 1041 2647 Tiara-

174 2659 249 2684 nem
270 2654 302 2685 et
322 2652 469 2694 inqentes
490 2654 664 2697 utriusque
685 2656 775 2697 reqis
796 2656 908 2697 copias
928 2656 1042 2697 pluri·

175 2700 381 2742 busproeliis
392 2702 482 2744 fudit
498 2704 539 2745 (a.
558 2712 592 2736 u.
611 2704 699 2746 685).
716 2723 752 2728 -
771 2705 948 2747 Pompeios]
965 2706 1037 2739 Liv.

174 2749 264 2793 Epit.
283 2751 340 2784 404
357 2760 364 2783 :
391 2751 448 2785 Cn.
465 2754 636 2795 Pompeius
652 2754 828 2796 Tiyranem
849 2755 885 2788 in
906 2755 1042 2788 deditio-

174 2807 250 2832 nem
278 2802 403 2842 accepit
424 2802 518 2843 eique
540 2804 701 2845 ademptis
722 2804 842 2845 Suria,
871 2805 1039 2845 Phoenice,

175 2849 294 2883 Cilicia
314 2859 454 2893 reanum
473 2853 649 2887 Armeniae
669 2855 813 2888 restituit
835 2855 867 2897 (a
884 2857 925 2888 u.
951 2854 1037 2896 688).

179 2916 215 2922 —
241 2899 406 2944 Caesares]
432 2901 483 2935 Cf.
508 2903 541 2944 2,
566 2903 597 2937 3.
622 2904 677 2937 ὅ6.
702 2905 735 2945 6,
759 2904 795 2937 34
821 2913 899 2947 sqq.
926 2905 980 2945 44,
1005 2904 1038 2938 8.

177 2949 230 2988 42,
254 2948 309 2983 44.
335 2950 389 2995 43,
414 2950 468 2984 34.
494 2951 553 2993 44,
578 2953 633 2986 23.
658 2972 694 2978 —
717 2954 801 2996 vim]
832 2955 945 2996 ipsam
974 2963 1040 2996 po-

175 2999 342 3032 testatem
356 3000 530 3034 retinendi
544 3001 758 3044 largiendive
773 3004 987 3036 Armeniam.
1002 3021 1038 3027 -

172 3047 365 3089 placuitque
398 3049 486 3092 cet.]
520 3051 585 3084 Dio
620 3052 679 3091 62,
715 3053 775 3085 2⁴:
813 3049 1041 3096 ὡμολόγησε

177 3097 328 3139 (Paetus)
356 3099 422 3132 καὶ
450 3095 603 3142 ὤμοσεν
625 3097 742 3143 αὐτός
763 3111 804 3135 τε
825 3100 896 3146 τὴν
914 3098 1041 3149 Ἀρμε-

176 3148 262 3180 νίαν
290 3142 446 3182 ἅπασαν
475 3148 668 3194 ἐκλείψειν
696 3151 761 3185 καὶ
788 3149 856 3185 τὸν
885 3151 1042 3199 Νέρωνα

178 3195 229 3241 τῷ
253 3196 442 3246 Τηριδάτῃ
466 3195 588 3243 αὐτὴν
610 3198 758 3234 δώσειν.

223 3297 276 3331 45.
299 3298 473 3342 Arsaniae]
499 3300 663 3334 Arsanias
685 3300 722 3333 ss.
747 3309 767 3333 a
790 3299 941 3334 Militene
964 3310 1043 3334 me-

181 3345 306 3381 ridiem
335 3357 460 3383 versus
487 3358 552 3392 per
574 3350 761 3392 Sophenen
783 3351 818 3383 in
841 3351 1043 3393 Euphraten

181 3394 322 3438 labitur,
349 3398 455 3432 hodie
476 3398 591 3432 Arsen.
616 3399 702 3433 Plin.
725 3401 765 3434 N.
790 3400 832 3433 Η.
857 3401 877 3433 ὅ
900 3400 920 3443 5
943 3400 996 3434 84.
1023 3401 1043 3433 6

182 3445 202 3487 S
226 3445 301 3480 ⁴28.
328 3463 365 3472 -
393 3451 526 3490 pontem
545 3450 719 3494 imposuit]
748 3449 813 3483 Dio
837 3450 897 3491 62,
921 3450 983 3484 2⁴:
1020 3444 1043 3482 ὃ

250 3507 390 3544 nen-uu
409 3510 438 3544 1.

1088 2050 1247 2100 Πάρθος
1269 2047 1422 2096 ἀφῆκεν
1444 2047 1585 2093 αὐτοὺς
1601 2052 1758 2095 (Paetum
1775 2059 1857 2085 cum
1873 2050 1956 2092 suis)

1090 2101 1565 2161 προδιομολογησάμενος,
1599 2101 1662 2135 ἴνα
1691 2099 1759 2135 τὸν
1782 2099 1958 2146 ποταμὸν

1090 2154 1192 2198 αυτῷ
1213 2150 1411 2201 Ἀρσανίαν
1442 2150 1634 2196 ζεύξωσιν,
1659 2148 1732 2192 οὐχ
1757 2146 1817 2185 ὅτι
1838 2149 1959 2195 γεφύ-

1090 2215 1160 2251 ρας
1193 2203 1314 2237 ἐδεῖτο
1346 2203 1455 2251 (πεζῇ
1484 2201 1558 2251 γὰρ
1588 2200 1706 2237 αὐτὸν
1731 2200 1956 2245 διεληλύθει,

1091 2253 1226 2288 scilicet
1241 2254 1458 2296 adveniens),
1476 2249 1557 2286 ἀλλ’
1575 2253 1637 2287 ἵνα
1652 2250 1861 2296 ἐνδείξηται
1872 2253 1959 2293 σφί-

1091 2314 1171 2346 σιν,
1196 2298 1256 2337 ὃτι
1277 2305 1456 2351 κρείττων
1478 2299 1606 2337 αὐτῶν
1629 2297 1689 2347 ἢν.
1713 2299 1845 2346 ἀμέλει
1868 2299 1960 2335 οῦδὲ

1089 2352 1176 2387 τότε
1198 2351 1262 2387 διὰ
1283 2352 1352 2387 τοῦ
1369 2351 1578 2398 ζεύγματος
1592 2350 1851 2400 ἀνεχώρησεν,
1875 2348 1957 2385 ἀλλ’

1090 2400 1208 2446 αὐτὸς
1239 2403 1311 2448 μὲν
1344 2403 1401 2438 ἐπ’
1440 2403 1665 2446 ἐλέφαντος,
1704 2403 1745 2436 οἱ
1778 2401 1820 2436 δὲ
1849 2398 1959 2436 ἄλλοι

1090 2450 1218 2502 ὥσπερ
1232 2451 1278 2488 τὸ
1294 2452 1490 2502 πρότερον.
1509 2472 1542 2478 —
1561 2456 1665 2496 specie
1678 2472 1698 2478 -
1708 2472 1727 2478 -
1743 2454 1957 2495 mediantis]

1091 2505 1276 2538 «obtentui
1303 2505 1475 2538 sumentis
1498 2504 1690 2538 faciliorem
1714 2503 1781 2537 sibi
1802 2504 1876 2537 fore
1892 2504 1958 2537 de-

1091 2563 1234 2589 cessum
1260 2563 1326 2597 per
1352 2554 1449 2587 hunc
1473 2555 1637 2597 pontem,
1667 2562 1774 2595 quam
1808 2555 1838 2587 si
1865 2553 1958 2587 aliud

1090 2605 1157 2638 iter
1183 2604 1464 2646 ingrederetur.»
1490 2621 1525 2627 -
1550 2612 1694 2645 namque
1717 2604 1761 2636 iis
1785 2604 1861 2636 usui
1882 2603 1959 2646 fuit]

1091 2655 1137 2688 ad
1158 2653 1381 2697 quotidianos
1404 2655 1572 2687 transitus
1590 2655 1626 2686 et
1642 2655 1862 2686 commeatus
1878 2652 1960 2685 alia-

1091 2713 1160 2746 que
1172 2703 1266 2737 bello
1279 2703 1480 2736 necessaria
1497 2702 1769 2736 transvehenda.
1783 2720 1819 2726 —
1831 2703 1961 2735 addidit

1089 2762 1208 2787 rumor
1219 2753 1302 2793 cet.]
1317 2753 1379 2786 Cui
1390 2752 1526 2785 rumori
1538 2753 1644 2785 etiam
1653 2752 1838 2784 Suetonius
1850 2751 1957 2784 fidem

1091 2803 1213 2836 habuit
1234 2804 1316 2835 Ner.
1335 2802 1395 2834 39:
1428 2802 1615 2844 ignominia
1636 2802 1681 2834 ad
1704 2801 1886 2841 Orientem,
1911 2800 1960 2833 le-

1089 2852 1241 2896 yionibus
1263 2852 1298 2884 in
1311 2851 1471 2884 Armenia
1493 2851 1553 2884 sub
1575 2852 1691 2894 iuqum
1712 2851 1820 2883 missis
1840 2859 1959 2892 aegre-

1091 2912 1154 2944 que
1170 2903 1272 2943 Syria
1281 2905 1421 2936 retenta.
1439 2920 1475 2926 —
1490 2910 1633 2943 quorum
1646 2901 1865 2935 simulacrum
1876 2900 1958 2943 cet.]

1091 2954 1165 2986 Hoc
1189 2953 1293 2986 dicit:
1320 2960 1385 2985 «re
1407 2960 1492 2985 vera
1508 2952 1664 2985 Armenii
1682 2950 1855 2984 eiusmodi
1871 2953 1959 2983 con-

1091 3002 1244 3036 tumeliis
1268 3003 1410 3035 nostros
1425 3001 1637 3041 affecerunt,
1663 3010 1753 3043 quae
1770 3009 1839 3034 non
1855 2999 1966 3042 longe>

1092 3053 1256 3086 afuerunt
1277 3051 1323 3085 ab
1354 3052 1543 3095 ignominia
1567 3051 1722 3084 Caudina
1746 3052 1850 3092 atque
1874 3051 1959 3092 ipsis

1091 3110 1202 3144 prope
1226 3110 1340 3144 aeque
1365 3104 1504 3143 gratum
1522 3099 1764 3143 spectaculum
1786 3099 1959 3141 praebue-

1091 3155 1194 3192 runt,
1222 3160 1265 3185 ac
1287 3152 1317 3185 si
1339 3153 1486 3185 Paetum
1509 3150 1575 3185 sub
1600 3151 1720 3191 iugum
1743 3149 1958 3182 misissent.»

1095 3219 1131 3224 —
1157 3200 1337 3243 aggeratis]
1362 3201 1413 3234 Cf.
1433 3202 1464 3242 4,
1483 3201 1542 3233 64;
1570 3207 1645 3232 ossa
1666 3198 1800 3230 disiecta
1822 3198 1875 3231 vel
1895 3208 1960 3241 aq-

1091 3253 1222 3293 aerata.
1247 3251 1279 3292 6,
1298 3251 1358 3284 ⁴9:
1383 3250 1522 3292 dispersi
1543 3252 1604 3281 aut
1625 3249 1789 3290 aggerati.
1816 3265 1845 3270 -
1874 3257 1960 3290 pro-

1091 3303 1206 3334 ximus
1227 3301 1366 3344 quisque
1391 3300 1517 3343 regem]
1546 3299 1651 3339 Prope
1674 3296 1710 3330 e't
1731 3300 1959 3339 comparativi

1093 3349 1366 3394 superlativique
1400 3349 1481 3382 inde
1515 3348 1611 3381 ducti
1642 3355 1723 3379 cum
1758 3349 1959 3382 accusativo

1093 3409 1206 3443 aeque
1229 3409 1271 3434 ac
1294 3401 1411 3434 dativo
1435 3399 1629 3433 struuntur.
1657 3395 1767 3430 Plaut.
1792 3398 1897 3431 Poen.
1923 3400 1956 3440 5,

1093 3449 1126 3492 3,
1151 3451 1190 3484 l:
1225 3451 1283 3492 qui
1305 3453 1336 3484 te
1353 3448 1531 3491 proximus
1551 3450 1609 3481 est.
1649 3446 1781 3479 Caesar
1802 3447 1840 3480 B.
1866 3448 1904 3481 G.
1923 3449 1955 3490 4,

1603 3505 1659 3551 32
