<?xml version="1.0" encoding="UTF-8"?>
<!DOCTYPE html PUBLIC "-//W3C//DTD XHTML 1.0 Transitional//EN"
    "http://www.w3.org/TR/xhtml1/DTD/xhtml1-transitional.dtd">
<html xmlns="http://www.w3.org/1999/xhtml" xml:lang="en" lang="en">
 <head>
  <title>
</title>
<meta http-equiv="Content-Type" content="text/html;charset=utf-8" />
  <meta name='ocr-system' content='tesseract 3.04.00' />
  <meta name='ocr-capabilities' content='ocr_page ocr_carea ocr_par ocr_line ocrx_word'/>
</head>
<body>
  <div class='ocr_page' id='page_1' title='image "./pcorneliitacitio01taciuoft_0033.png"; bbox 0 0 2254 3770; ppageno 0'>
   <div class='ocr_carea' id='block_1_1' title="bbox 238 396 380 431">
    <p class='ocr_par' dir='ltr' id='par_1_1' title="bbox 238 396 380 431">
     <span class='ocr_line' id='line_1_1' title="bbox 238 396 380 431; baseline -0.014 -1"><span class='ocrx_word' id='word_1_1' title='bbox 238 397 277 430; x_wconf 91' lang='lat' dir='ltr'>A.</span> <span class='ocrx_word' id='word_1_2' title='bbox 291 397 329 431; x_wconf 84' lang='lat' dir='ltr'>U.</span> <span class='ocrx_word' id='word_1_3' title='bbox 343 396 380 429; x_wconf 92' lang='lat' dir='ltr'>C.</span> 
     </span>
    </p>
   </div>
   <div class='ocr_carea' id='block_1_2' title="bbox 274 1151 331 1183">
    <p class='ocr_par' dir='ltr' id='par_1_2' title="bbox 274 1151 331 1183">
     <span class='ocr_line' id='line_1_2' title="bbox 274 1151 331 1183; baseline 0 0"><span class='ocrx_word' id='word_1_4' title='bbox 274 1151 331 1183; x_wconf 75' lang='lat'>79⁴</span> 
     </span>
    </p>
   </div>
   <div class='ocr_carea' id='block_1_3' title="bbox 236 1801 336 1835">
    <p class='ocr_par' dir='ltr' id='par_1_3' title="bbox 236 1801 336 1835">
     <span class='ocr_line' id='line_1_3' title="bbox 236 1801 336 1835; baseline 0.01 -1"><span class='ocrx_word' id='word_1_5' title='bbox 236 1833 239 1834; x_wconf 13' lang='grc' dir='ltr'><em>γ</em></span> <span class='ocrx_word' id='word_1_6' title='bbox 273 1801 336 1835; x_wconf 74' lang='lat'>792</span> 
     </span>
    </p>
   </div>
   <div class='ocr_carea' id='block_1_4' title="bbox 271 2367 334 2400">
    <p class='ocr_par' dir='ltr' id='par_1_4' title="bbox 271 2367 334 2400">
     <span class='ocr_line' id='line_1_4' title="bbox 271 2367 334 2400; baseline 0 0"><span class='ocrx_word' id='word_1_7' title='bbox 271 2367 334 2400; x_wconf 82' lang='lat'>793</span> 
     </span>
    </p>
   </div>
   <div class='ocr_carea' id='block_1_5' title="bbox 268 2861 331 2895">
    <p class='ocr_par' dir='ltr' id='par_1_5' title="bbox 268 2861 331 2895">
     <span class='ocr_line' id='line_1_5' title="bbox 268 2861 331 2895; baseline 0.016 -1"><span class='ocrx_word' id='word_1_8' title='bbox 268 2861 331 2895; x_wconf 79' lang='lat'>794</span> 
     </span>
    </p>
   </div>
   <div class='ocr_carea' id='block_1_6' title="bbox 388 395 393 543">
    <p class='ocr_par' dir='ltr' id='par_1_6' title="bbox 388 395 393 543">
     <span class='ocr_line' id='line_1_6' title="bbox 388 395 393 543; baseline 0 0"><span class='ocrx_word' id='word_1_9' title='bbox 388 395 393 543; x_wconf 95' lang='lat' dir='ltr'> </span> 
     </span>
    </p>
   </div>
   <div class='ocr_carea' id='block_1_7' title="bbox 406 395 544 429">
    <p class='ocr_par' dir='ltr' id='par_1_7' title="bbox 406 395 544 429">
     <span class='ocr_line' id='line_1_7' title="bbox 406 395 544 429; baseline -0.007 0"><span class='ocrx_word' id='word_1_10' title='bbox 406 396 441 429; x_wconf 91' lang='grc' dir='ltr'>Ρ.</span> <span class='ocrx_word' id='word_1_11' title='bbox 461 395 544 429; x_wconf 73' lang='lat' dir='ltr'>Cim.</span> 
     </span>
    </p>
   </div>
   <div class='ocr_carea' id='block_1_8' title="bbox 448 1152 489 1186">
    <p class='ocr_par' dir='ltr' id='par_1_8' title="bbox 448 1152 489 1186">
     <span class='ocr_line' id='line_1_8' title="bbox 448 1152 489 1186; baseline 0.024 -1"><span class='ocrx_word' id='word_1_12' title='bbox 448 1152 489 1186; x_wconf 89' lang='grc'>38</span> 
     </span>
    </p>
   </div>
   <div class='ocr_carea' id='block_1_9' title="bbox 448 1803 490 1836">
    <p class='ocr_par' dir='ltr' id='par_1_9' title="bbox 448 1803 490 1836">
     <span class='ocr_line' id='line_1_9' title="bbox 448 1803 490 1836; baseline 0.024 -1"><span class='ocrx_word' id='word_1_13' title='bbox 448 1803 490 1836; x_wconf 87' lang='grc'>39</span> 
     </span>
    </p>
   </div>
   <div class='ocr_carea' id='block_1_10' title="bbox 445 2369 486 2402">
    <p class='ocr_par' dir='ltr' id='par_1_10' title="bbox 445 2369 486 2402">
     <span class='ocr_line' id='line_1_10' title="bbox 445 2369 486 2402; baseline 0 0"><span class='ocrx_word' id='word_1_14' title='bbox 445 2369 486 2402; x_wconf 78' lang='lat'>40</span> 
     </span>
    </p>
   </div>
   <div class='ocr_carea' id='block_1_11' title="bbox 442 2863 479 2896">
    <p class='ocr_par' dir='ltr' id='par_1_11' title="bbox 442 2863 479 2896">
     <span class='ocr_line' id='line_1_11' title="bbox 442 2863 479 2896; baseline -0.027 0"><span class='ocrx_word' id='word_1_15' title='bbox 442 2863 479 2896; x_wconf 72' lang='grc' dir='ltr'><strong>Η</strong></span> 
     </span>
    </p>
   </div>
   <div class='ocr_carea' id='block_1_12' title="bbox 776 280 1473 326">
    <p class='ocr_par' dir='ltr' id='par_1_12' title="bbox 776 280 1473 326">
     <span class='ocr_line' id='line_1_12' title="bbox 776 280 1473 326; baseline -0.003 0"><span class='ocrx_word' id='word_1_16' title='bbox 776 280 1163 326; x_wconf 89' lang='lat' dir='ltr'>CHRONOLOGIA</span> <span class='ocrx_word' id='word_1_17' title='bbox 1191 281 1473 326; x_wconf 85' lang='lat' dir='ltr'>ANNALIUM.</span> 
     </span>
    </p>
   </div>
   <div class='ocr_carea' id='block_1_13' title="bbox 654 395 767 429">
    <p class='ocr_par' dir='ltr' id='par_1_13' title="bbox 654 395 767 429">
     <span class='ocr_line' id='line_1_13' title="bbox 654 395 767 429; baseline 0.009 -1"><span class='ocrx_word' id='word_1_18' title='bbox 654 395 767 429; x_wconf 94' lang='lat' dir='ltr'>COSS.</span> 
     </span>
    </p>
   </div>
   <div class='ocr_carea' id='block_1_14' title="bbox 563 1152 864 1296">
    <p class='ocr_par' dir='ltr' id='par_1_14' title="bbox 563 1152 864 1296">
     <span class='ocr_line' id='line_1_14' title="bbox 564 1152 863 1196; baseline -0.003 -9"><span class='ocrx_word' id='word_1_19' title='bbox 564 1155 607 1187; x_wconf 87' lang='grc' dir='ltr'>Μ.</span> <span class='ocrx_word' id='word_1_20' title='bbox 621 1152 791 1196; x_wconf 85' lang='lat' dir='ltr'><strong>Aquillius</strong></span> <span class='ocrx_word' id='word_1_21' title='bbox 804 1154 863 1186; x_wconf 95' lang='lat' dir='ltr'>Iu-</span> 
     </span>
     <span class='ocr_line' id='line_1_15' title="bbox 563 1203 864 1242; baseline -0.003 -7"><span class='ocrx_word' id='word_1_22' title='bbox 563 1203 694 1242; x_wconf 91' lang='lat' dir='ltr'>lianus,</span> <span class='ocrx_word' id='word_1_23' title='bbox 732 1204 768 1235; x_wconf 89' lang='lat' dir='ltr'>P.</span> <span class='ocrx_word' id='word_1_24' title='bbox 797 1203 864 1235; x_wconf 91' lang='lat' dir='ltr'>No-</span> 
     </span>
     <span class='ocr_line' id='line_1_16' title="bbox 564 1254 858 1296; baseline -0.003 -10"><span class='ocrx_word' id='word_1_25' title='bbox 564 1254 642 1286; x_wconf 91' lang='lat' dir='ltr'>nius</span> <span class='ocrx_word' id='word_1_26' title='bbox 668 1254 858 1296; x_wconf 85' lang='lat' dir='ltr'>Asprenas.</span> 
     </span>
    </p>
   </div>
   <div class='ocr_carea' id='block_1_15' title="bbox 562 1810 858 2040">
    <p class='ocr_par' dir='ltr' id='par_1_15' title="bbox 562 1810 858 2040">
     <span class='ocr_line' id='line_1_17' title="bbox 564 1810 858 1848; baseline -0.007 -5"><span class='ocrx_word' id='word_1_27' title='bbox 564 1810 602 1843; x_wconf 88' lang='lat' dir='ltr'>C.</span> <span class='ocrx_word' id='word_1_28' title='bbox 618 1811 749 1842; x_wconf 90' lang='lat' dir='ltr'>Caesar</span> <span class='ocrx_word' id='word_1_29' title='bbox 763 1810 804 1848; x_wconf 93' lang='lat'>11,</span> <span class='ocrx_word' id='word_1_30' title='bbox 823 1810 858 1842; x_wconf 90' lang='lat' dir='ltr'>L.</span> 
     </span>
     <span class='ocr_line' id='line_1_18' title="bbox 562 1859 858 1902; baseline -0.003 -10"><span class='ocrx_word' id='word_1_31' title='bbox 562 1860 752 1902; x_wconf 83' lang='lat' dir='ltr'>Apronius;</span> <span class='ocrx_word' id='word_1_32' title='bbox 779 1859 858 1892; x_wconf 77' lang='lat' dir='ltr'>suff.</span> 
     </span>
     <span class='ocr_line' id='line_1_19' title="bbox 585 1909 839 1941; baseline -0.004 0"><span class='ocrx_word' id='word_1_33' title='bbox 585 1910 647 1941; x_wconf 92' lang='lat' dir='ltr'>Cn.</span> <span class='ocrx_word' id='word_1_34' title='bbox 668 1909 839 1941; x_wconf 84' lang='lat' dir='ltr'>Domitius</span> 
     </span>
     <span class='ocr_line' id='line_1_20' title="bbox 584 1957 835 1998; baseline 0 -8"><span class='ocrx_word' id='word_1_35' title='bbox 584 1957 749 1998; x_wconf 90' lang='lat' dir='ltr'>Corbulo,</span> <span class='ocrx_word' id='word_1_36' title='bbox 772 1959 835 1990; x_wconf 92' lang='lat' dir='ltr'>Cn.</span> 
     </span>
     <span class='ocr_line' id='line_1_21' title="bbox 571 2006 846 2040; baseline -0.007 0"><span class='ocrx_word' id='word_1_37' title='bbox 571 2008 742 2040; x_wconf 82' lang='lat' dir='ltr'>Domitius</span> <span class='ocrx_word' id='word_1_38' title='bbox 754 2006 846 2039; x_wconf 80' lang='lat' dir='ltr'>Ater.</span> 
     </span>
    </p>
   </div>
   <div class='ocr_carea' id='block_1_16' title="bbox 560 2370 861 2599">
    <p class='ocr_par' dir='ltr' id='par_1_16' title="bbox 560 2370 861 2599">
     <span class='ocr_line' id='line_1_22' title="bbox 576 2370 837 2402; baseline -0.004 -1"><span class='ocrx_word' id='word_1_39' title='bbox 576 2370 612 2401; x_wconf 92' lang='lat' dir='ltr'>C.</span> <span class='ocrx_word' id='word_1_40' title='bbox 641 2370 771 2402; x_wconf 90' lang='lat' dir='ltr'>Caesar</span> <span class='ocrx_word' id='word_1_41' title='bbox 794 2370 837 2401; x_wconf 92' lang='lat' dir='ltr'>lll</span> 
     </span>
     <span class='ocr_line' id='line_1_23' title="bbox 560 2417 857 2455; baseline -0.003 -5"><span class='ocrx_word' id='word_1_42' title='bbox 560 2417 655 2451; x_wconf 91' lang='lat' dir='ltr'>solus</span> <span class='ocrx_word' id='word_1_43' title='bbox 666 2428 672 2455; x_wconf 90' lang='lat'>;</span> <span class='ocrx_word' id='word_1_44' title='bbox 688 2427 768 2450; x_wconf 89' lang='lat' dir='ltr'>mox</span> <span class='ocrx_word' id='word_1_45' title='bbox 779 2417 857 2450; x_wconf 80' lang='lat' dir='ltr'>suff.</span> 
     </span>
     <span class='ocr_line' id='line_1_24' title="bbox 562 2466 861 2508; baseline 0 -10"><span class='ocrx_word' id='word_1_46' title='bbox 562 2468 596 2498; x_wconf 87' lang='lat' dir='ltr'>L.</span> <span class='ocrx_word' id='word_1_47' title='bbox 609 2466 736 2499; x_wconf 83' lang='lat' dir='ltr'>Gellius</span> <span class='ocrx_word' id='word_1_48' title='bbox 750 2466 861 2508; x_wconf 87' lang='lat' dir='ltr'>Popli-</span> 
     </span>
     <span class='ocr_line' id='line_1_25' title="bbox 562 2516 860 2556; baseline 0 -7"><span class='ocrx_word' id='word_1_49' title='bbox 562 2516 655 2556; x_wconf 84' lang='lat' dir='ltr'>cola,</span> <span class='ocrx_word' id='word_1_50' title='bbox 693 2518 736 2550; x_wconf 90' lang='lat' dir='ltr'>M.</span> <span class='ocrx_word' id='word_1_51' title='bbox 769 2518 860 2549; x_wconf 91' lang='lat' dir='ltr'>Coc-</span> 
     </span>
     <span class='ocr_line' id='line_1_26' title="bbox 586 2567 835 2599; baseline 0 0"><span class='ocrx_word' id='word_1_52' title='bbox 586 2567 683 2599; x_wconf 89' lang='lat' dir='ltr'>ceius</span> <span class='ocrx_word' id='word_1_53' title='bbox 710 2568 835 2599; x_wconf 89' lang='lat' dir='ltr'>Nerva.</span> 
     </span>
    </p>
   </div>
   <div class='ocr_carea' id='block_1_17' title="bbox 559 2866 858 3096">
    <p class='ocr_par' dir='ltr' id='par_1_17' title="bbox 559 2866 858 3096">
     <span class='ocr_line' id='line_1_27' title="bbox 576 2866 843 2899; baseline 0 -2"><span class='ocrx_word' id='word_1_54' title='bbox 576 2867 614 2897; x_wconf 88' lang='lat' dir='ltr'>C.</span> <span class='ocrx_word' id='word_1_55' title='bbox 641 2866 772 2899; x_wconf 89' lang='lat' dir='ltr'>Caesar</span> <span class='ocrx_word' id='word_1_56' title='bbox 799 2866 843 2898; x_wconf 94' lang='lat' dir='ltr'>IV</span> 
     </span>
     <span class='ocr_line' id='line_1_28' title="bbox 561 2914 858 2954; baseline 0.003 -8"><span class='ocrx_word' id='word_1_57' title='bbox 561 2914 655 2954; x_wconf 89' lang='lat' dir='ltr'>(suff.</span> <span class='ocrx_word' id='word_1_58' title='bbox 685 2915 725 2954; x_wconf 87' lang='lat' dir='ltr'>Q.</span> <span class='ocrx_word' id='word_1_59' title='bbox 752 2917 858 2947; x_wconf 89' lang='lat' dir='ltr'>Pom-</span> 
     </span>
     <span class='ocr_line' id='line_1_29' title="bbox 568 2965 847 3006; baseline 0.004 -10"><span class='ocrx_word' id='word_1_60' title='bbox 568 2965 695 3006; x_wconf 89' lang='lat' dir='ltr'>ponius</span> <span class='ocrx_word' id='word_1_61' title='bbox 711 2965 847 2997; x_wconf 86' lang='lat' dir='ltr'>Secun-</span> 
     </span>
     <span class='ocr_line' id='line_1_30' title="bbox 559 3013 858 3054; baseline 0.007 -9"><span class='ocrx_word' id='word_1_62' title='bbox 559 3013 657 3054; x_wconf 89' lang='lat' dir='ltr'>dus),</span> <span class='ocrx_word' id='word_1_63' title='bbox 684 3015 746 3047; x_wconf 92' lang='lat' dir='ltr'>Cn.</span> <span class='ocrx_word' id='word_1_64' title='bbox 773 3015 858 3047; x_wconf 89' lang='lat' dir='ltr'>Sen-</span> 
     </span>
     <span class='ocr_line' id='line_1_31' title="bbox 559 3062 853 3096; baseline 0.01 -3"><span class='ocrx_word' id='word_1_65' title='bbox 559 3062 626 3094; x_wconf 91' lang='lat' dir='ltr'>tius</span> <span class='ocrx_word' id='word_1_66' title='bbox 636 3063 853 3096; x_wconf 78' lang='lat' dir='ltr'>Saturninus.</span> 
     </span>
    </p>
   </div>
   <div class='ocr_carea' id='block_1_18' title="bbox 869 2309 874 3115">
    <p class='ocr_par' dir='ltr' id='par_1_18' title="bbox 869 2309 874 3115">
     <span class='ocr_line' id='line_1_32' title="bbox 869 2309 874 3115; baseline 0 0"><span class='ocrx_word' id='word_1_67' title='bbox 869 2309 874 3115; x_wconf 95' lang='lat' dir='ltr'> </span> 
     </span>
    </p>
   </div>
   <div class='ocr_carea' id='block_1_19' title="bbox 890 456 1869 2350">
    <p class='ocr_par' dir='ltr' id='par_1_19' title="bbox 893 456 1869 1138">
     <span class='ocr_line' id='line_1_33' title="bbox 897 456 1866 498; baseline 0.001 -9"><span class='ocrx_word' id='word_1_68' title='bbox 897 457 991 490; x_wconf 86' lang='lat' dir='ltr'>curia</span> <span class='ocrx_word' id='word_1_69' title='bbox 1027 456 1188 490; x_wconf 82' lang='lat' dir='ltr'>additur:</span> <span class='ocrx_word' id='word_1_70' title='bbox 1225 456 1297 490; x_wconf 92' lang='lat' dir='ltr'>ludi</span> <span class='ocrx_word' id='word_1_71' title='bbox 1328 456 1572 498; x_wconf 82' lang='lat' dir='ltr'>celebrantur,</span> <span class='ocrx_word' id='word_1_72' title='bbox 1598 457 1773 490; x_wconf 85' lang='lat' dir='ltr'>aerarium</span> <span class='ocrx_word' id='word_1_73' title='bbox 1800 456 1866 490; x_wconf 91' lang='lat' dir='ltr'>do-</span> 
     </span>
     <span class='ocr_line' id='line_1_34' title="bbox 897 506 1865 550; baseline 0.002 -11"><span class='ocrx_word' id='word_1_74' title='bbox 897 506 1096 539; x_wconf 88' lang='lat' dir='ltr'>nationibus</span> <span class='ocrx_word' id='word_1_75' title='bbox 1129 507 1350 547; x_wconf 82' lang='lat' dir='ltr'>exhauritur,</span> <span class='ocrx_word' id='word_1_76' title='bbox 1378 508 1451 540; x_wconf 86' lang='lat' dir='ltr'>tam</span> <span class='ocrx_word' id='word_1_77' title='bbox 1474 506 1616 550; x_wconf 80' lang='lat' dir='ltr'>profusa</span> <span class='ocrx_word' id='word_1_78' title='bbox 1639 506 1865 548; x_wconf 87' lang='lat' dir='ltr'>liberalitate,</span> 
     </span>
     <span class='ocr_line' id='line_1_35' title="bbox 896 555 1866 599; baseline 0.001 -10"><span class='ocrx_word' id='word_1_79' title='bbox 896 557 934 589; x_wconf 91' lang='lat' dir='ltr'>ut</span> <span class='ocrx_word' id='word_1_80' title='bbox 962 555 1125 588; x_wconf 89' lang='lat' dir='ltr'>relictum</span> <span class='ocrx_word' id='word_1_81' title='bbox 1157 566 1176 589; x_wconf 88' lang='lat' dir='ltr'>a</span> <span class='ocrx_word' id='word_1_82' title='bbox 1207 556 1347 590; x_wconf 88' lang='lat' dir='ltr'>Tiberio</span> <span class='ocrx_word' id='word_1_83' title='bbox 1370 558 1479 590; x_wconf 89' lang='lat' dir='ltr'>vicies</span> <span class='ocrx_word' id='word_1_84' title='bbox 1510 557 1642 599; x_wconf 89' lang='lat' dir='ltr'>septies</span> <span class='ocrx_word' id='word_1_85' title='bbox 1665 556 1777 590; x_wconf 91' lang='lat' dir='ltr'>milies</span> <span class='ocrx_word' id='word_1_86' title='bbox 1801 558 1866 590; x_wconf 89' lang='lat' dir='ltr'>HS.</span> 
     </span>
     <span class='ocr_line' id='line_1_36' title="bbox 895 606 1866 649; baseline 0.001 -11"><span class='ocrx_word' id='word_1_87' title='bbox 895 606 1134 646; x_wconf 76' lang='lat'>(⁴35‚000‚000</span> <span class='ocrx_word' id='word_1_88' title='bbox 1150 606 1237 647; x_wconf 93' lang='lat' dir='ltr'>Thl.)</span> <span class='ocrx_word' id='word_1_89' title='bbox 1262 616 1334 640; x_wconf 93' lang='lat' dir='ltr'>uno</span> <span class='ocrx_word' id='word_1_90' title='bbox 1358 616 1450 640; x_wconf 88' lang='lat' dir='ltr'>anno</span> <span class='ocrx_word' id='word_1_91' title='bbox 1472 608 1605 649; x_wconf 88' lang='lat' dir='ltr'>pereat.</span> <span class='ocrx_word' id='word_1_92' title='bbox 1639 606 1866 640; x_wconf 87' lang='lat' dir='ltr'>Consulatum</span> 
     </span>
     <span class='ocr_line' id='line_1_37' title="bbox 896 654 1868 699; baseline 0.001 -11"><span class='ocrx_word' id='word_1_93' title='bbox 896 665 939 688; x_wconf 84' lang='lat' dir='ltr'>ex</span> <span class='ocrx_word' id='word_1_94' title='bbox 961 654 1034 687; x_wconf 88' lang='lat' dir='ltr'>Kal.</span> <span class='ocrx_word' id='word_1_95' title='bbox 1059 654 1120 688; x_wconf 93' lang='lat' dir='ltr'>Iul.</span> <span class='ocrx_word' id='word_1_96' title='bbox 1147 657 1236 697; x_wconf 82' lang='lat' dir='ltr'>gerit</span> <span class='ocrx_word' id='word_1_97' title='bbox 1259 665 1343 690; x_wconf 89' lang='lat' dir='ltr'>cum</span> <span class='ocrx_word' id='word_1_98' title='bbox 1365 656 1509 690; x_wconf 91' lang='lat' dir='ltr'>Claudio</span> <span class='ocrx_word' id='word_1_99' title='bbox 1532 658 1671 699; x_wconf 87' lang='lat' dir='ltr'>patruo,</span> <span class='ocrx_word' id='word_1_100' title='bbox 1695 657 1868 690; x_wconf 86' lang='lat' dir='ltr'>hactenus</span> 
     </span>
     <span class='ocr_line' id='line_1_38' title="bbox 894 704 1868 748; baseline 0.001 -10"><span class='ocrx_word' id='word_1_101' title='bbox 894 707 1042 748; x_wconf 88' lang='lat' dir='ltr'>propter</span> <span class='ocrx_word' id='word_1_102' title='bbox 1063 704 1341 739; x_wconf 82' lang='lat' dir='ltr'>imbecillitatem</span> <span class='ocrx_word' id='word_1_103' title='bbox 1357 707 1486 740; x_wconf 90' lang='lat' dir='ltr'>mentis</span> <span class='ocrx_word' id='word_1_104' title='bbox 1503 706 1721 748; x_wconf 88' lang='lat' dir='ltr'>contempto.</span> <span class='ocrx_word' id='word_1_105' title='bbox 1743 724 1779 729; x_wconf 97' lang='lat'><strong>—</strong></span> <span class='ocrx_word' id='word_1_106' title='bbox 1798 706 1868 739; x_wconf 88' lang='lat' dir='ltr'>Sed</span> 
     </span>
     <span class='ocr_line' id='line_1_39' title="bbox 896 754 1868 789; baseline 0.002 -3"><span class='ocrx_word' id='word_1_107' title='bbox 896 754 965 787; x_wconf 90' lang='lat' dir='ltr'>cito</span> <span class='ocrx_word' id='word_1_108' title='bbox 1006 754 1096 787; x_wconf 90' lang='lat' dir='ltr'>haec</span> <span class='ocrx_word' id='word_1_109' title='bbox 1136 757 1340 788; x_wconf 89' lang='lat' dir='ltr'>vertuntur:</span> <span class='ocrx_word' id='word_1_110' title='bbox 1382 757 1532 789; x_wconf 85' lang='lat' dir='ltr'>exeunte</span> <span class='ocrx_word' id='word_1_111' title='bbox 1566 764 1691 789; x_wconf 90' lang='lat' dir='ltr'>mense</span> <span class='ocrx_word' id='word_1_112' title='bbox 1725 755 1868 788; x_wconf 87' lang='lat' dir='ltr'>Octobri</span> 
     </span>
     <span class='ocr_line' id='line_1_40' title="bbox 894 803 1867 848; baseline 0.003 -13"><span class='ocrx_word' id='word_1_113' title='bbox 894 803 1020 836; x_wconf 88' lang='lat' dir='ltr'>morbo</span> <span class='ocrx_word' id='word_1_114' title='bbox 1038 806 1223 847; x_wconf 86' lang='lat' dir='ltr'>correptus</span> <span class='ocrx_word' id='word_1_115' title='bbox 1244 804 1445 838; x_wconf 89' lang='lat' dir='ltr'>revaluerat</span> <span class='ocrx_word' id='word_1_116' title='bbox 1461 806 1608 847; x_wconf 92' lang='lat' dir='ltr'>quidem</span> <span class='ocrx_word' id='word_1_117' title='bbox 1625 814 1785 848; x_wconf 86' lang='lat' dir='ltr'>corpore,</span> <span class='ocrx_word' id='word_1_118' title='bbox 1803 805 1867 838; x_wconf 93' lang='lat' dir='ltr'>sed</span> 
     </span>
     <span class='ocr_line' id='line_1_41' title="bbox 894 855 1869 889; baseline 0.001 -3"><span class='ocrx_word' id='word_1_119' title='bbox 894 855 1023 887; x_wconf 90' lang='lat' dir='ltr'>mentis</span> <span class='ocrx_word' id='word_1_120' title='bbox 1040 855 1133 888; x_wconf 88' lang='lat' dir='ltr'>vires</span> <span class='ocrx_word' id='word_1_121' title='bbox 1150 855 1296 889; x_wconf 84' lang='lat' dir='ltr'>affectae</span> <span class='ocrx_word' id='word_1_122' title='bbox 1315 856 1492 889; x_wconf 87' lang='lat' dir='ltr'>videntur.</span> <span class='ocrx_word' id='word_1_123' title='bbox 1510 855 1771 888; x_wconf 83' lang='lat' dir='ltr'>Liberalitatem</span> <span class='ocrx_word' id='word_1_124' title='bbox 1787 856 1869 888; x_wconf 90' lang='lat' dir='ltr'>reti-</span> 
     </span>
     <span class='ocr_line' id='line_1_42' title="bbox 894 904 1866 947; baseline -0.001 -10"><span class='ocrx_word' id='word_1_125' title='bbox 894 906 965 943; x_wconf 86' lang='lat' dir='ltr'>net,</span> <span class='ocrx_word' id='word_1_126' title='bbox 984 904 1049 937; x_wconf 91' lang='lat' dir='ltr'>sed</span> <span class='ocrx_word' id='word_1_127' title='bbox 1065 905 1204 938; x_wconf 86' lang='lat' dir='ltr'>accedit</span> <span class='ocrx_word' id='word_1_128' title='bbox 1221 904 1426 944; x_wconf 89' lang='lat' dir='ltr'>crudelitas,</span> <span class='ocrx_word' id='word_1_129' title='bbox 1443 914 1513 947; x_wconf 89' lang='lat' dir='ltr'>qua</span> <span class='ocrx_word' id='word_1_130' title='bbox 1526 905 1708 938; x_wconf 88' lang='lat' dir='ltr'>Tiberium</span> <span class='ocrx_word' id='word_1_131' title='bbox 1723 904 1866 937; x_wconf 87' lang='lat' dir='ltr'>fratrem</span> 
     </span>
     <span class='ocr_line' id='line_1_43' title="bbox 895 953 1868 997; baseline 0 -11"><span class='ocrx_word' id='word_1_132' title='bbox 895 953 1091 996; x_wconf 88' lang='lat' dir='ltr'>patruelem</span> <span class='ocrx_word' id='word_1_133' title='bbox 1114 954 1231 988; x_wconf 89' lang='lat' dir='ltr'>adhuc</span> <span class='ocrx_word' id='word_1_134' title='bbox 1252 964 1425 997; x_wconf 87' lang='lat' dir='ltr'>puerum,</span> <span class='ocrx_word' id='word_1_135' title='bbox 1451 956 1497 990; x_wconf 87' lang='lat' dir='ltr'>M.</span> <span class='ocrx_word' id='word_1_136' title='bbox 1515 955 1683 994; x_wconf 90' lang='lat' dir='ltr'>Silanum,</span> <span class='ocrx_word' id='word_1_137' title='bbox 1708 953 1790 986; x_wconf 91' lang='lat' dir='ltr'>olim</span> <span class='ocrx_word' id='word_1_138' title='bbox 1807 961 1868 986; x_wconf 90' lang='lat' dir='ltr'>so—</span> 
     </span>
     <span class='ocr_line' id='line_1_44' title="bbox 893 1003 1864 1048; baseline -0.001 -12"><span class='ocrx_word' id='word_1_139' title='bbox 893 1013 1018 1037; x_wconf 91' lang='lat' dir='ltr'>cerum</span> <span class='ocrx_word' id='word_1_140' title='bbox 1040 1012 1157 1044; x_wconf 87' lang='lat' dir='ltr'>suum,</span> <span class='ocrx_word' id='word_1_141' title='bbox 1184 1005 1323 1038; x_wconf 89' lang='lat' dir='ltr'>occidit.</span> <span class='ocrx_word' id='word_1_142' title='bbox 1361 1005 1476 1038; x_wconf 81' lang='lat' dir='ltr'>Africa</span> <span class='ocrx_word' id='word_1_143' title='bbox 1492 1005 1671 1048; x_wconf 90' lang='lat' dir='ltr'>provincia</span> <span class='ocrx_word' id='word_1_144' title='bbox 1688 1003 1864 1043; x_wconf 91' lang='lat' dir='ltr'>dividitur,</span> 
     </span>
     <span class='ocr_line' id='line_1_45' title="bbox 893 1053 1867 1096; baseline 0 -10"><span class='ocrx_word' id='word_1_145' title='bbox 893 1053 1009 1087; x_wconf 90' lang='lat' dir='ltr'>ablata</span> <span class='ocrx_word' id='word_1_146' title='bbox 1042 1062 1062 1086; x_wconf 90' lang='lat' dir='ltr'>a</span> <span class='ocrx_word' id='word_1_147' title='bbox 1093 1054 1335 1096; x_wconf 85' lang='lat' dir='ltr'>proconsulari</span> <span class='ocrx_word' id='word_1_148' title='bbox 1367 1054 1483 1088; x_wconf 89' lang='lat' dir='ltr'>officio</span> <span class='ocrx_word' id='word_1_149' title='bbox 1515 1055 1691 1088; x_wconf 88' lang='lat' dir='ltr'>exercitus</span> <span class='ocrx_word' id='word_1_150' title='bbox 1723 1062 1807 1086; x_wconf 87' lang='lat' dir='ltr'>cura</span> <span class='ocrx_word' id='word_1_151' title='bbox 1832 1054 1867 1086; x_wconf 89' lang='lat' dir='ltr'>et</span> 
     </span>
     <span class='ocr_line' id='line_1_46' title="bbox 893 1103 1066 1138; baseline -0.012 0"><span class='ocrx_word' id='word_1_152' title='bbox 893 1103 1066 1138; x_wconf 90' lang='lat' dir='ltr'>Numidia.</span> 
     </span>
    </p>

    <p class='ocr_par' dir='ltr' id='par_1_20' title="bbox 892 1153 1868 1795">
     <span class='ocr_line' id='line_1_47' title="bbox 936 1153 1866 1197; baseline 0 -11"><span class='ocrx_word' id='word_1_153' title='bbox 936 1154 1062 1187; x_wconf 83' lang='lat' dir='ltr'>Effusis</span> <span class='ocrx_word' id='word_1_154' title='bbox 1094 1163 1158 1196; x_wconf 89' lang='lat' dir='ltr'>per</span> <span class='ocrx_word' id='word_1_155' title='bbox 1186 1153 1288 1188; x_wconf 91' lang='lat' dir='ltr'>ludos</span> <span class='ocrx_word' id='word_1_156' title='bbox 1314 1155 1350 1188; x_wconf 86' lang='lat' dir='ltr'>et</span> <span class='ocrx_word' id='word_1_157' title='bbox 1372 1154 1494 1197; x_wconf 93' lang='lat' dir='ltr'>epulas</span> <span class='ocrx_word' id='word_1_158' title='bbox 1528 1155 1656 1188; x_wconf 89' lang='lat' dir='ltr'>divitiis</span> <span class='ocrx_word' id='word_1_159' title='bbox 1686 1154 1866 1196; x_wconf 91' lang='lat' dir='ltr'>quaestio-</span> 
     </span>
     <span class='ocr_line' id='line_1_48' title="bbox 893 1204 1866 1244; baseline -0.001 -7"><span class='ocrx_word' id='word_1_160' title='bbox 893 1213 957 1237; x_wconf 91' lang='lat' dir='ltr'>nes</span> <span class='ocrx_word' id='word_1_161' title='bbox 992 1204 1182 1237; x_wconf 86' lang='lat' dir='ltr'>crudeliter</span> <span class='ocrx_word' id='word_1_162' title='bbox 1217 1206 1446 1244; x_wconf 89' lang='lat' dir='ltr'>exercentur,</span> <span class='ocrx_word' id='word_1_163' title='bbox 1482 1206 1600 1238; x_wconf 89' lang='lat' dir='ltr'>Macro</span> <span class='ocrx_word' id='word_1_164' title='bbox 1637 1205 1682 1238; x_wconf 89' lang='lat' dir='ltr'>ad</span> <span class='ocrx_word' id='word_1_165' title='bbox 1713 1206 1866 1237; x_wconf 86' lang='lat' dir='ltr'>mortem</span> 
     </span>
     <span class='ocr_line' id='line_1_49' title="bbox 893 1254 1867 1297; baseline 0.001 -11"><span class='ocrx_word' id='word_1_166' title='bbox 893 1254 1054 1295; x_wconf 83' lang='lat' dir='ltr'>adigitur.</span> <span class='ocrx_word' id='word_1_167' title='bbox 1081 1256 1211 1296; x_wconf 89' lang='lat' dir='ltr'>Aperta</span> <span class='ocrx_word' id='word_1_168' title='bbox 1235 1255 1402 1297; x_wconf 89' lang='lat' dir='ltr'>principis</span> <span class='ocrx_word' id='word_1_169' title='bbox 1426 1256 1561 1287; x_wconf 91' lang='lat' dir='ltr'>insania</span> <span class='ocrx_word' id='word_1_170' title='bbox 1578 1255 1742 1297; x_wconf 86' lang='lat' dir='ltr'>erumpit,</span> <span class='ocrx_word' id='word_1_171' title='bbox 1768 1255 1867 1296; x_wconf 84' lang='lat' dir='ltr'>post-</span> 
     </span>
     <span class='ocr_line' id='line_1_50' title="bbox 893 1304 1866 1347; baseline -0.001 -10"><span class='ocrx_word' id='word_1_172' title='bbox 893 1313 1001 1346; x_wconf 86' lang='lat' dir='ltr'>quam</span> <span class='ocrx_word' id='word_1_173' title='bbox 1027 1304 1174 1337; x_wconf 88' lang='lat' dir='ltr'>Drusilla</span> <span class='ocrx_word' id='word_1_174' title='bbox 1198 1305 1274 1337; x_wconf 88' lang='lat' dir='ltr'>eius</span> <span class='ocrx_word' id='word_1_175' title='bbox 1298 1313 1419 1344; x_wconf 92' lang='lat' dir='ltr'>soror,</span> <span class='ocrx_word' id='word_1_176' title='bbox 1449 1314 1556 1346; x_wconf 92' lang='lat' dir='ltr'>quam</span> <span class='ocrx_word' id='word_1_177' title='bbox 1579 1314 1645 1347; x_wconf 89' lang='lat' dir='ltr'>pro</span> <span class='ocrx_word' id='word_1_178' title='bbox 1667 1314 1778 1337; x_wconf 86' lang='lat' dir='ltr'>uxore</span> <span class='ocrx_word' id='word_1_179' title='bbox 1802 1305 1866 1336; x_wconf 90' lang='lat' dir='ltr'>ha—</span> 
     </span>
     <span class='ocr_line' id='line_1_51' title="bbox 893 1353 1868 1394; baseline -0.001 -7"><span class='ocrx_word' id='word_1_180' title='bbox 893 1354 1032 1394; x_wconf 89' lang='lat' dir='ltr'>buerat,</span> <span class='ocrx_word' id='word_1_181' title='bbox 1050 1354 1224 1387; x_wconf 84' lang='lat' dir='ltr'>decessit:</span> <span class='ocrx_word' id='word_1_182' title='bbox 1245 1353 1366 1387; x_wconf 91' lang='lat' dir='ltr'>dolore</span> <span class='ocrx_word' id='word_1_183' title='bbox 1379 1364 1532 1388; x_wconf 90' lang='lat' dir='ltr'>vesanus</span> <span class='ocrx_word' id='word_1_184' title='bbox 1544 1356 1614 1388; x_wconf 90' lang='lat' dir='ltr'>oris</span> <span class='ocrx_word' id='word_1_185' title='bbox 1630 1354 1746 1388; x_wconf 86' lang='lat' dir='ltr'>Italiae</span> <span class='ocrx_word' id='word_1_186' title='bbox 1764 1353 1868 1387; x_wconf 90' lang='lat' dir='ltr'>ober-</span> 
     </span>
     <span class='ocr_line' id='line_1_52' title="bbox 892 1402 1865 1445; baseline 0 -9"><span class='ocrx_word' id='word_1_187' title='bbox 892 1406 964 1444; x_wconf 89' lang='lat' dir='ltr'>rat,</span> <span class='ocrx_word' id='word_1_188' title='bbox 998 1403 1171 1437; x_wconf 90' lang='lat' dir='ltr'>caelestes</span> <span class='ocrx_word' id='word_1_189' title='bbox 1195 1405 1227 1436; x_wconf 93' lang='lat' dir='ltr'>ei</span> <span class='ocrx_word' id='word_1_190' title='bbox 1251 1402 1439 1445; x_wconf 85' lang='lat' dir='ltr'>religiones</span> <span class='ocrx_word' id='word_1_191' title='bbox 1462 1405 1625 1445; x_wconf 85' lang='lat' dir='ltr'>instituit,</span> <span class='ocrx_word' id='word_1_192' title='bbox 1658 1405 1752 1438; x_wconf 89' lang='lat' dir='ltr'>idem</span> <span class='ocrx_word' id='word_1_193' title='bbox 1781 1413 1865 1437; x_wconf 89' lang='lat' dir='ltr'>vero</span> 
     </span>
     <span class='ocr_line' id='line_1_53' title="bbox 893 1452 1865 1495; baseline 0 -9"><span class='ocrx_word' id='word_1_194' title='bbox 893 1462 975 1486; x_wconf 87' lang='lat' dir='ltr'>mox</span> <span class='ocrx_word' id='word_1_195' title='bbox 1001 1452 1162 1493; x_wconf 91' lang='lat' dir='ltr'>Lolliam,</span> <span class='ocrx_word' id='word_1_196' title='bbox 1189 1454 1399 1487; x_wconf 90' lang='lat' dir='ltr'>ditissimam</span> <span class='ocrx_word' id='word_1_197' title='bbox 1415 1454 1615 1495; x_wconf 88' lang='lat' dir='ltr'>mulierem,</span> <span class='ocrx_word' id='word_1_198' title='bbox 1634 1455 1730 1488; x_wconf 91' lang='lat' dir='ltr'>ducit</span> <span class='ocrx_word' id='word_1_199' title='bbox 1746 1456 1782 1487; x_wconf 91' lang='lat' dir='ltr'>et</span> <span class='ocrx_word' id='word_1_200' title='bbox 1796 1455 1865 1489; x_wconf 89' lang='lat' dir='ltr'>cito</span> 
     </span>
     <span class='ocr_line' id='line_1_54' title="bbox 893 1502 1863 1544; baseline 0 -9"><span class='ocrx_word' id='word_1_201' title='bbox 893 1502 1052 1535; x_wconf 90' lang='lat' dir='ltr'>dimittit:</span> <span class='ocrx_word' id='word_1_202' title='bbox 1087 1502 1265 1544; x_wconf 88' lang='lat' dir='ltr'>aliquanto</span> <span class='ocrx_word' id='word_1_203' title='bbox 1297 1503 1425 1537; x_wconf 92' lang='lat' dir='ltr'>diutius</span> <span class='ocrx_word' id='word_1_204' title='bbox 1453 1505 1486 1537; x_wconf 89' lang='lat' dir='ltr'>in</span> <span class='ocrx_word' id='word_1_205' title='bbox 1512 1514 1632 1538; x_wconf 91' lang='lat' dir='ltr'>amore</span> <span class='ocrx_word' id='word_1_206' title='bbox 1658 1504 1863 1544; x_wconf 89' lang='lat' dir='ltr'>Caesoniae,</span> 
     </span>
     <span class='ocr_line' id='line_1_55' title="bbox 893 1551 1866 1595; baseline 0.003 -11"><span class='ocrx_word' id='word_1_207' title='bbox 893 1562 935 1585; x_wconf 83' lang='lat' dir='ltr'>ex</span> <span class='ocrx_word' id='word_1_208' title='bbox 960 1562 1030 1594; x_wconf 87' lang='lat' dir='ltr'>qua</span> <span class='ocrx_word' id='word_1_209' title='bbox 1055 1551 1161 1585; x_wconf 87' lang='lat' dir='ltr'>filiam</span> <span class='ocrx_word' id='word_1_210' title='bbox 1185 1554 1351 1595; x_wconf 90' lang='lat' dir='ltr'>suscipit,</span> <span class='ocrx_word' id='word_1_211' title='bbox 1377 1555 1582 1595; x_wconf 80' lang='lat' dir='ltr'>acquiescit.</span> <span class='ocrx_word' id='word_1_212' title='bbox 1609 1555 1751 1588; x_wconf 86' lang='lat' dir='ltr'>Avidius</span> <span class='ocrx_word' id='word_1_213' title='bbox 1769 1554 1866 1587; x_wconf 79' lang='lat' dir='ltr'>Flac-</span> 
     </span>
     <span class='ocr_line' id='line_1_56' title="bbox 892 1602 1866 1645; baseline 0.004 -11"><span class='ocrx_word' id='word_1_214' title='bbox 892 1611 972 1642; x_wconf 89' lang='lat' dir='ltr'>cus,</span> <span class='ocrx_word' id='word_1_215' title='bbox 1008 1602 1208 1644; x_wconf 86' lang='lat' dir='ltr'>praefectus</span> <span class='ocrx_word' id='word_1_216' title='bbox 1231 1604 1400 1645; x_wconf 84' lang='lat' dir='ltr'>Aegypti,</span> <span class='ocrx_word' id='word_1_217' title='bbox 1433 1613 1514 1637; x_wconf 91' lang='lat' dir='ltr'>cum</span> <span class='ocrx_word' id='word_1_218' title='bbox 1541 1604 1690 1638; x_wconf 90' lang='lat' dir='ltr'>Iudaeos</span> <span class='ocrx_word' id='word_1_219' title='bbox 1714 1604 1866 1637; x_wconf 84' lang='lat' dir='ltr'>Alexan-</span> 
     </span>
     <span class='ocr_line' id='line_1_57' title="bbox 893 1652 1866 1694; baseline 0.003 -10"><span class='ocrx_word' id='word_1_220' title='bbox 893 1653 1014 1686; x_wconf 90' lang='lat' dir='ltr'>drinos</span> <span class='ocrx_word' id='word_1_221' title='bbox 1039 1654 1192 1692; x_wconf 85' lang='lat' dir='ltr'>vexaret,</span> <span class='ocrx_word' id='word_1_222' title='bbox 1218 1652 1354 1694; x_wconf 84' lang='lat' dir='ltr'>legatus</span> <span class='ocrx_word' id='word_1_223' title='bbox 1378 1654 1589 1687; x_wconf 89' lang='lat' dir='ltr'>Iudaeorum</span> <span class='ocrx_word' id='word_1_224' title='bbox 1606 1654 1703 1688; x_wconf 86' lang='lat' dir='ltr'>Philo</span> <span class='ocrx_word' id='word_1_225' title='bbox 1720 1655 1866 1687; x_wconf 89' lang='lat' dir='ltr'>Romam</span> 
     </span>
     <span class='ocr_line' id='line_1_58' title="bbox 892 1702 1866 1746; baseline 0.002 -12"><span class='ocrx_word' id='word_1_226' title='bbox 892 1702 937 1735; x_wconf 87' lang='lat' dir='ltr'>ad</span> <span class='ocrx_word' id='word_1_227' title='bbox 962 1702 1153 1734; x_wconf 86' lang='lat' dir='ltr'>Caesarem</span> <span class='ocrx_word' id='word_1_228' title='bbox 1176 1703 1341 1742; x_wconf 83' lang='lat' dir='ltr'>mittitur;</span> <span class='ocrx_word' id='word_1_229' title='bbox 1376 1704 1477 1746; x_wconf 92' lang='lat' dir='ltr'>isque</span> <span class='ocrx_word' id='word_1_230' title='bbox 1508 1706 1631 1746; x_wconf 90' lang='lat' dir='ltr'>postea</span> <span class='ocrx_word' id='word_1_231' title='bbox 1653 1703 1866 1746; x_wconf 85' lang='lat' dir='ltr'>legationem</span> 
     </span>
     <span class='ocr_line' id='line_1_59' title="bbox 892 1751 1863 1795; baseline 0.001 -10"><span class='ocrx_word' id='word_1_232' title='bbox 892 1760 994 1785; x_wconf 91' lang='lat' dir='ltr'>suam</span> <span class='ocrx_word' id='word_1_233' title='bbox 1019 1751 1207 1793; x_wconf 89' lang='lat' dir='ltr'>descripsit</span> <span class='ocrx_word' id='word_1_234' title='bbox 1229 1753 1263 1784; x_wconf 89' lang='lat' dir='ltr'>in</span> <span class='ocrx_word' id='word_1_235' title='bbox 1287 1751 1376 1785; x_wconf 89' lang='lat' dir='ltr'>libro</span> <span class='ocrx_word' id='word_1_236' title='bbox 1391 1779 1398 1792; x_wconf 90' lang='lat'>‚</span> <span class='ocrx_word' id='word_1_237' title='bbox 1429 1754 1488 1795; x_wconf 92' lang='lat' dir='ltr'>qui</span> <span class='ocrx_word' id='word_1_238' title='bbox 1512 1755 1716 1787; x_wconf 88' lang='lat' dir='ltr'>etiamnunc</span> <span class='ocrx_word' id='word_1_239' title='bbox 1739 1755 1863 1786; x_wconf 90' lang='lat' dir='ltr'>exstat.</span> 
     </span>
    </p>

    <p class='ocr_par' dir='ltr' id='par_1_21' title="bbox 890 1808 1866 2350">
     <span class='ocr_line' id='line_1_60' title="bbox 937 1808 1865 1851; baseline 0.002 -11"><span class='ocrx_word' id='word_1_240' title='bbox 937 1809 1041 1840; x_wconf 87' lang='lat' dir='ltr'>Gaius</span> <span class='ocrx_word' id='word_1_241' title='bbox 1066 1808 1198 1840; x_wconf 90' lang='lat' dir='ltr'>Caesar</span> <span class='ocrx_word' id='word_1_242' title='bbox 1220 1809 1408 1849; x_wconf 89' lang='lat' dir='ltr'>pecuniam</span> <span class='ocrx_word' id='word_1_243' title='bbox 1433 1809 1603 1842; x_wconf 88' lang='lat' dir='ltr'>caedibus</span> <span class='ocrx_word' id='word_1_244' title='bbox 1622 1811 1658 1842; x_wconf 90' lang='lat' dir='ltr'>et</span> <span class='ocrx_word' id='word_1_245' title='bbox 1682 1808 1865 1851; x_wconf 90' lang='lat' dir='ltr'>publicatis</span> 
     </span>
     <span class='ocr_line' id='line_1_61' title="bbox 892 1857 1865 1899; baseline 0.002 -9"><span class='ocrx_word' id='word_1_246' title='bbox 892 1858 1039 1891; x_wconf 90' lang='lat' dir='ltr'>divitum</span> <span class='ocrx_word' id='word_1_247' title='bbox 1062 1857 1164 1890; x_wconf 92' lang='lat' dir='ltr'>bonis</span> <span class='ocrx_word' id='word_1_248' title='bbox 1189 1858 1386 1899; x_wconf 86' lang='lat' dir='ltr'>quaesitam</span> <span class='ocrx_word' id='word_1_249' title='bbox 1411 1859 1542 1892; x_wconf 90' lang='lat' dir='ltr'>insanis</span> <span class='ocrx_word' id='word_1_250' title='bbox 1567 1859 1807 1892; x_wconf 86' lang='lat' dir='ltr'>molitionibus</span> <span class='ocrx_word' id='word_1_251' title='bbox 1830 1861 1865 1892; x_wconf 86' lang='lat' dir='ltr'>et</span> 
     </span>
     <span class='ocr_line' id='line_1_62' title="bbox 891 1907 1863 1951; baseline 0.002 -11"><span class='ocrx_word' id='word_1_252' title='bbox 891 1908 981 1941; x_wconf 91' lang='lat' dir='ltr'>ludis</span> <span class='ocrx_word' id='word_1_253' title='bbox 1005 1907 1276 1949; x_wconf 88' lang='lat' dir='ltr'>sanguinolentis</span> <span class='ocrx_word' id='word_1_254' title='bbox 1294 1907 1458 1941; x_wconf 86' lang='lat' dir='ltr'>effundit:</span> <span class='ocrx_word' id='word_1_255' title='bbox 1484 1911 1630 1951; x_wconf 87' lang='lat' dir='ltr'>pontem</span> <span class='ocrx_word' id='word_1_256' title='bbox 1652 1909 1813 1942; x_wconf 88' lang='lat' dir='ltr'>navalem</span> <span class='ocrx_word' id='word_1_257' title='bbox 1830 1910 1863 1942; x_wconf 93' lang='lat' dir='ltr'>in</span> 
     </span>
     <span class='ocr_line' id='line_1_63' title="bbox 891 1958 1865 2000; baseline 0.001 -9"><span class='ocrx_word' id='word_1_258' title='bbox 891 1959 971 1991; x_wconf 91' lang='lat' dir='ltr'>sinu</span> <span class='ocrx_word' id='word_1_259' title='bbox 993 1959 1124 1991; x_wconf 90' lang='lat' dir='ltr'>Baiano</span> <span class='ocrx_word' id='word_1_260' title='bbox 1148 1959 1240 1990; x_wconf 89' lang='lat' dir='ltr'>inter</span> <span class='ocrx_word' id='word_1_261' title='bbox 1261 1958 1425 1991; x_wconf 90' lang='lat' dir='ltr'>Puteolos</span> <span class='ocrx_word' id='word_1_262' title='bbox 1450 1961 1486 1992; x_wconf 93' lang='lat' dir='ltr'>et</span> <span class='ocrx_word' id='word_1_263' title='bbox 1508 1959 1634 1992; x_wconf 91' lang='lat' dir='ltr'>Baulos</span> <span class='ocrx_word' id='word_1_264' title='bbox 1651 1960 1750 2000; x_wconf 86' lang='lat' dir='ltr'>facit,</span> <span class='ocrx_word' id='word_1_265' title='bbox 1775 1960 1865 1993; x_wconf 88' lang='lat' dir='ltr'>Xer-</span> 
     </span>
     <span class='ocr_line' id='line_1_64' title="bbox 890 2008 1865 2051; baseline 0 -8"><span class='ocrx_word' id='word_1_266' title='bbox 890 2019 959 2043; x_wconf 86' lang='lat' dir='ltr'>xen</span> <span class='ocrx_word' id='word_1_267' title='bbox 983 2014 1231 2051; x_wconf 81' lang='lat' dir='ltr'>superaturus,</span> <span class='ocrx_word' id='word_1_268' title='bbox 1266 2009 1301 2039; x_wconf 93' lang='lat' dir='ltr'>et</span> <span class='ocrx_word' id='word_1_269' title='bbox 1331 2008 1458 2041; x_wconf 90' lang='lat' dir='ltr'>eodem</span> <span class='ocrx_word' id='word_1_270' title='bbox 1487 2011 1708 2051; x_wconf 87' lang='lat' dir='ltr'>spectatores</span> <span class='ocrx_word' id='word_1_271' title='bbox 1733 2011 1865 2043; x_wconf 89' lang='lat' dir='ltr'>accitos</span> 
     </span>
     <span class='ocr_line' id='line_1_65' title="bbox 891 2056 1866 2093; baseline 0.001 -1"><span class='ocrx_word' id='word_1_272' title='bbox 891 2060 1026 2092; x_wconf 85' lang='lat' dir='ltr'>deiicit:</span> <span class='ocrx_word' id='word_1_273' title='bbox 1054 2056 1216 2090; x_wconf 90' lang='lat' dir='ltr'>bellicam</span> <span class='ocrx_word' id='word_1_274' title='bbox 1242 2056 1382 2091; x_wconf 90' lang='lat' dir='ltr'>laudem</span> <span class='ocrx_word' id='word_1_275' title='bbox 1408 2060 1597 2092; x_wconf 83' lang='lat' dir='ltr'>meriturus</span> <span class='ocrx_word' id='word_1_276' title='bbox 1621 2060 1666 2092; x_wconf 91' lang='lat' dir='ltr'>ad</span> <span class='ocrx_word' id='word_1_277' title='bbox 1686 2062 1866 2093; x_wconf 84' lang='lat' dir='ltr'>Germani-</span> 
     </span>
     <span class='ocr_line' id='line_1_66' title="bbox 891 2107 1865 2152; baseline 0.001 -10"><span class='ocrx_word' id='word_1_278' title='bbox 891 2118 952 2142; x_wconf 88' lang='lat' dir='ltr'>cos</span> <span class='ocrx_word' id='word_1_279' title='bbox 969 2109 1145 2142; x_wconf 90' lang='lat' dir='ltr'>exercitus</span> <span class='ocrx_word' id='word_1_280' title='bbox 1161 2107 1396 2149; x_wconf 88' lang='lat' dir='ltr'>proficiscitur</span> <span class='ocrx_word' id='word_1_281' title='bbox 1414 2110 1576 2150; x_wconf 89' lang='lat' dir='ltr'>(quorum</span> <span class='ocrx_word' id='word_1_282' title='bbox 1593 2111 1766 2152; x_wconf 88' lang='lat' dir='ltr'>superiori</span> <span class='ocrx_word' id='word_1_283' title='bbox 1781 2111 1865 2143; x_wconf 89' lang='lat' dir='ltr'>Ser-</span> 
     </span>
     <span class='ocr_line' id='line_1_67' title="bbox 892 2157 1863 2199; baseline 0.001 -8"><span class='ocrx_word' id='word_1_284' title='bbox 892 2161 969 2191; x_wconf 91' lang='lat' dir='ltr'>vius</span> <span class='ocrx_word' id='word_1_285' title='bbox 993 2157 1101 2190; x_wconf 86' lang='lat' dir='ltr'>Galba</span> <span class='ocrx_word' id='word_1_286' title='bbox 1124 2159 1199 2189; x_wconf 92' lang='lat' dir='ltr'>tum</span> <span class='ocrx_word' id='word_1_287' title='bbox 1223 2159 1419 2199; x_wconf 86' lang='lat' dir='ltr'>praeerat),</span> <span class='ocrx_word' id='word_1_288' title='bbox 1445 2160 1480 2191; x_wconf 92' lang='lat' dir='ltr'>et</span> <span class='ocrx_word' id='word_1_289' title='bbox 1502 2158 1584 2191; x_wconf 89' lang='lat' dir='ltr'>belli</span> <span class='ocrx_word' id='word_1_290' title='bbox 1608 2158 1756 2192; x_wconf 89' lang='lat' dir='ltr'>ludibria</span> <span class='ocrx_word' id='word_1_291' title='bbox 1779 2159 1863 2197; x_wconf 74' lang='lat' dir='ltr'>edit.</span> 
     </span>
     <span class='ocr_line' id='line_1_68' title="bbox 891 2208 1865 2250; baseline 0.001 -9"><span class='ocrx_word' id='word_1_292' title='bbox 891 2210 1027 2241; x_wconf 86' lang='lat' dir='ltr'>Interea</span> <span class='ocrx_word' id='word_1_293' title='bbox 1046 2208 1190 2250; x_wconf 90' lang='lat' dir='ltr'>propter</span> <span class='ocrx_word' id='word_1_294' title='bbox 1206 2208 1467 2241; x_wconf 88' lang='lat' dir='ltr'>coniurationes</span> <span class='ocrx_word' id='word_1_295' title='bbox 1484 2210 1586 2242; x_wconf 90' lang='lat' dir='ltr'>initas</span> <span class='ocrx_word' id='word_1_296' title='bbox 1600 2208 1764 2243; x_wconf 87' lang='lat' dir='ltr'>Lentulus</span> <span class='ocrx_word' id='word_1_297' title='bbox 1779 2211 1865 2243; x_wconf 91' lang='lat' dir='ltr'>Gae-</span> 
     </span>
     <span class='ocr_line' id='line_1_69' title="bbox 892 2257 1864 2298; baseline 0.002 -8"><span class='ocrx_word' id='word_1_298' title='bbox 892 2257 1035 2296; x_wconf 89' lang='lat' dir='ltr'>tulicus,</span> <span class='ocrx_word' id='word_1_299' title='bbox 1069 2258 1113 2290; x_wconf 90' lang='lat' dir='ltr'>M.</span> <span class='ocrx_word' id='word_1_300' title='bbox 1142 2257 1292 2298; x_wconf 88' lang='lat' dir='ltr'>Lepidus</span> <span class='ocrx_word' id='word_1_301' title='bbox 1324 2257 1600 2298; x_wconf 85' lang='lat' dir='ltr'>interficiuntur,</span> <span class='ocrx_word' id='word_1_302' title='bbox 1626 2267 1768 2292; x_wconf 88' lang='lat' dir='ltr'>sorores</span> <span class='ocrx_word' id='word_1_303' title='bbox 1792 2260 1864 2292; x_wconf 89' lang='lat' dir='ltr'>Gaii</span> 
     </span>
     <span class='ocr_line' id='line_1_70' title="bbox 891 2307 1861 2350; baseline 0.002 -10"><span class='ocrx_word' id='word_1_304' title='bbox 891 2307 974 2340; x_wconf 91' lang='lat' dir='ltr'>Iulia</span> <span class='ocrx_word' id='word_1_305' title='bbox 999 2309 1034 2340; x_wconf 89' lang='lat' dir='ltr'>et</span> <span class='ocrx_word' id='word_1_306' title='bbox 1057 2307 1243 2349; x_wconf 88' lang='lat' dir='ltr'>Agrippina</span> <span class='ocrx_word' id='word_1_307' title='bbox 1275 2308 1307 2340; x_wconf 90' lang='lat' dir='ltr'>in</span> <span class='ocrx_word' id='word_1_308' title='bbox 1331 2308 1471 2341; x_wconf 77' lang='lat' dir='ltr'>Pontias</span> <span class='ocrx_word' id='word_1_309' title='bbox 1494 2308 1627 2342; x_wconf 91' lang='lat' dir='ltr'>insulas</span> <span class='ocrx_word' id='word_1_310' title='bbox 1650 2308 1861 2350; x_wconf 88' lang='lat' dir='ltr'>relegantur.</span> 
     </span>
    </p>
   </div>
   <div class='ocr_carea' id='block_1_20' title="bbox 1908 294 2017 324">
    <p class='ocr_par' dir='ltr' id='par_1_22' title="bbox 1908 294 2017 324">
     <span class='ocr_line' id='line_1_71' title="bbox 1908 294 2017 324; baseline -0.009 0"><span class='ocrx_word' id='word_1_311' title='bbox 1908 294 2017 324; x_wconf 81' lang='lat' dir='ltr'>XXVII</span> 
     </span>
    </p>
   </div>
   <div class='ocr_carea' id='block_1_21' title="bbox 1909 395 1994 428">
    <p class='ocr_par' dir='ltr' id='par_1_23' title="bbox 1909 395 1994 428">
     <span class='ocr_line' id='line_1_72' title="bbox 1909 395 1994 428; baseline 0 0"><span class='ocrx_word' id='word_1_312' title='bbox 1909 395 1994 428; x_wconf 71' lang='lat' dir='ltr'>Arm.</span> 
     </span>
    </p>
   </div>
   <div class='ocr_carea' id='block_1_22' title="bbox 1893 1159 2010 1192">
    <p class='ocr_par' dir='ltr' id='par_1_24' title="bbox 1893 1159 2010 1192">
     <span class='ocr_line' id='line_1_73' title="bbox 1893 1159 2010 1192; baseline -0.009 0"><span class='ocrx_word' id='word_1_313' title='bbox 1893 1159 2010 1192; x_wconf 90' lang='lat' dir='ltr'>Deest.</span> 
     </span>
    </p>
   </div>
   <div class='ocr_carea' id='block_1_23' title="bbox 1893 1811 2010 1843">
    <p class='ocr_par' dir='ltr' id='par_1_25' title="bbox 1893 1811 2010 1843">
     <span class='ocr_line' id='line_1_74' title="bbox 1893 1811 2010 1843; baseline 0 0"><span class='ocrx_word' id='word_1_314' title='bbox 1893 1811 2010 1843; x_wconf 87' lang='lat' dir='ltr'>Deest.</span> 
     </span>
    </p>
   </div>
   <div class='ocr_carea' id='block_1_24' title="bbox 936 2360 2009 2406">
    <p class='ocr_par' dir='ltr' id='par_1_26' title="bbox 936 2360 2009 2406">
     <span class='ocr_line' id='line_1_75' title="bbox 936 2360 2009 2406; baseline 0.004 -11"><span class='ocrx_word' id='word_1_315' title='bbox 936 2360 1126 2395; x_wconf 89' lang='lat' dir='ltr'>Consulatu</span> <span class='ocrx_word' id='word_1_316' title='bbox 1164 2364 1267 2396; x_wconf 90' lang='lat' dir='ltr'>tertio</span> <span class='ocrx_word' id='word_1_317' title='bbox 1309 2365 1385 2396; x_wconf 92' lang='lat' dir='ltr'>sine</span> <span class='ocrx_word' id='word_1_318' title='bbox 1422 2363 1553 2405; x_wconf 83' lang='lat' dir='ltr'>collega</span> <span class='ocrx_word' id='word_1_319' title='bbox 1589 2365 1746 2406; x_wconf 85' lang='lat' dir='ltr'>Lugduni</span> <span class='ocrx_word' id='word_1_320' title='bbox 1781 2366 1864 2398; x_wconf 89' lang='lat' dir='ltr'>inito</span> <span class='ocrx_word' id='word_1_321' title='bbox 1891 2370 2009 2403; x_wconf 80' lang='lat' dir='ltr'>Deest.</span> 
     </span>
    </p>
   </div>
   <div class='ocr_carea' id='block_1_25' title="bbox 885 2412 1864 3302">
    <p class='ocr_par' dir='ltr' id='par_1_27' title="bbox 885 2412 1864 3302">
     <span class='ocr_line' id='line_1_76' title="bbox 893 2412 1861 2456; baseline 0.003 -11"><span class='ocrx_word' id='word_1_322' title='bbox 893 2412 1040 2453; x_wconf 86' lang='lat' dir='ltr'>(suffecti</span> <span class='ocrx_word' id='word_1_323' title='bbox 1065 2413 1146 2444; x_wconf 83' lang='lat' dir='ltr'>sunt</span> <span class='ocrx_word' id='word_1_324' title='bbox 1170 2421 1212 2444; x_wconf 84' lang='lat' dir='ltr'>ex</span> <span class='ocrx_word' id='word_1_325' title='bbox 1236 2413 1285 2446; x_wconf 87' lang='lat' dir='ltr'>1d.</span> <span class='ocrx_word' id='word_1_326' title='bbox 1306 2415 1376 2446; x_wconf 91' lang='lat' dir='ltr'>lan.</span> <span class='ocrx_word' id='word_1_327' title='bbox 1396 2415 1432 2446; x_wconf 93' lang='lat' dir='ltr'>L.</span> <span class='ocrx_word' id='word_1_328' title='bbox 1452 2414 1581 2447; x_wconf 89' lang='lat' dir='ltr'>Gellius</span> <span class='ocrx_word' id='word_1_329' title='bbox 1605 2413 1791 2456; x_wconf 86' lang='lat' dir='ltr'>Poplicola,</span> <span class='ocrx_word' id='word_1_330' title='bbox 1817 2416 1861 2448; x_wconf 91' lang='lat' dir='ltr'>M.</span> 
     </span>
     <span class='ocr_line' id='line_1_77' title="bbox 892 2462 1862 2502; baseline 0.002 -7"><span class='ocrx_word' id='word_1_331' title='bbox 892 2462 1063 2495; x_wconf 88' lang='lat' dir='ltr'>Cocceius</span> <span class='ocrx_word' id='word_1_332' title='bbox 1087 2463 1213 2502; x_wconf 88' lang='lat' dir='ltr'>Nerva)</span> <span class='ocrx_word' id='word_1_333' title='bbox 1237 2464 1341 2496; x_wconf 90' lang='lat' dir='ltr'>Gaius</span> <span class='ocrx_word' id='word_1_334' title='bbox 1365 2472 1526 2497; x_wconf 89' lang='lat' dir='ltr'>sororum</span> <span class='ocrx_word' id='word_1_335' title='bbox 1551 2465 1587 2496; x_wconf 87' lang='lat' dir='ltr'>et</span> <span class='ocrx_word' id='word_1_336' title='bbox 1610 2465 1739 2497; x_wconf 90' lang='lat' dir='ltr'>veteris</span> <span class='ocrx_word' id='word_1_337' title='bbox 1763 2464 1862 2498; x_wconf 88' lang='lat' dir='ltr'>aulae</span> 
     </span>
     <span class='ocr_line' id='line_1_78' title="bbox 891 2512 1864 2555; baseline 0.004 -12"><span class='ocrx_word' id='word_1_338' title='bbox 891 2521 997 2544; x_wconf 89' lang='lat' dir='ltr'>omne</span> <span class='ocrx_word' id='word_1_339' title='bbox 1017 2512 1291 2546; x_wconf 84' lang='lat' dir='ltr'>instrumentum</span> <span class='ocrx_word' id='word_1_340' title='bbox 1311 2514 1418 2546; x_wconf 87' lang='lat' dir='ltr'>Roma</span> <span class='ocrx_word' id='word_1_341' title='bbox 1437 2514 1627 2546; x_wconf 87' lang='lat' dir='ltr'>advectum</span> <span class='ocrx_word' id='word_1_342' title='bbox 1642 2513 1781 2555; x_wconf 89' lang='lat' dir='ltr'>publica</span> <span class='ocrx_word' id='word_1_343' title='bbox 1799 2524 1864 2547; x_wconf 90' lang='lat' dir='ltr'>au-</span> 
     </span>
     <span class='ocr_line' id='line_1_79' title="bbox 891 2562 1864 2606; baseline 0.003 -12"><span class='ocrx_word' id='word_1_344' title='bbox 891 2563 1006 2595; x_wconf 88' lang='lat' dir='ltr'>ctione</span> <span class='ocrx_word' id='word_1_345' title='bbox 1030 2562 1205 2603; x_wconf 88' lang='lat' dir='ltr'>divendit,</span> <span class='ocrx_word' id='word_1_346' title='bbox 1234 2563 1414 2604; x_wconf 86' lang='lat' dir='ltr'>ingentem</span> <span class='ocrx_word' id='word_1_347' title='bbox 1438 2573 1516 2596; x_wconf 90' lang='lat' dir='ltr'>eam</span> <span class='ocrx_word' id='word_1_348' title='bbox 1540 2565 1727 2606; x_wconf 87' lang='lat' dir='ltr'>pecuniam</span> <span class='ocrx_word' id='word_1_349' title='bbox 1748 2565 1782 2596; x_wconf 92' lang='lat' dir='ltr'>in</span> <span class='ocrx_word' id='word_1_350' title='bbox 1806 2574 1864 2597; x_wconf 87' lang='lat' dir='ltr'>ex-</span> 
     </span>
     <span class='ocr_line' id='line_1_80' title="bbox 890 2613 1862 2656; baseline 0.002 -11"><span class='ocrx_word' id='word_1_351' title='bbox 890 2613 1070 2654; x_wconf 87' lang='lat' dir='ltr'>peditione</span> <span class='ocrx_word' id='word_1_352' title='bbox 1099 2614 1220 2645; x_wconf 88' lang='lat' dir='ltr'>contra</span> <span class='ocrx_word' id='word_1_353' title='bbox 1251 2613 1438 2646; x_wconf 91' lang='lat' dir='ltr'>Britannos</span> <span class='ocrx_word' id='word_1_354' title='bbox 1461 2616 1655 2654; x_wconf 87' lang='lat' dir='ltr'>consumit,</span> <span class='ocrx_word' id='word_1_355' title='bbox 1687 2624 1756 2656; x_wconf 91' lang='lat' dir='ltr'>qua</span> <span class='ocrx_word' id='word_1_356' title='bbox 1780 2614 1862 2647; x_wconf 90' lang='lat' dir='ltr'>nihil</span> 
     </span>
     <span class='ocr_line' id='line_1_81' title="bbox 890 2661 1863 2703; baseline 0.003 -9"><span class='ocrx_word' id='word_1_357' title='bbox 890 2661 985 2694; x_wconf 91' lang='lat' dir='ltr'>aliud</span> <span class='ocrx_word' id='word_1_358' title='bbox 1009 2671 1117 2703; x_wconf 90' lang='lat' dir='ltr'>quam</span> <span class='ocrx_word' id='word_1_359' title='bbox 1141 2662 1326 2703; x_wconf 87' lang='lat' dir='ltr'>conchylia</span> <span class='ocrx_word' id='word_1_360' title='bbox 1350 2663 1385 2695; x_wconf 93' lang='lat' dir='ltr'>in</span> <span class='ocrx_word' id='word_1_361' title='bbox 1402 2662 1518 2696; x_wconf 88' lang='lat' dir='ltr'>Gallici</span> <span class='ocrx_word' id='word_1_362' title='bbox 1534 2665 1642 2697; x_wconf 90' lang='lat' dir='ltr'>maris</span> <span class='ocrx_word' id='word_1_363' title='bbox 1659 2663 1759 2697; x_wconf 90' lang='lat' dir='ltr'>litore</span> <span class='ocrx_word' id='word_1_364' title='bbox 1777 2667 1863 2697; x_wconf 90' lang='lat' dir='ltr'>tam-</span> 
     </span>
     <span class='ocr_line' id='line_1_82' title="bbox 890 2711 1862 2754; baseline 0.003 -10"><span class='ocrx_word' id='word_1_365' title='bbox 890 2720 996 2753; x_wconf 89' lang='lat' dir='ltr'>quam</span> <span class='ocrx_word' id='word_1_366' title='bbox 1010 2711 1118 2753; x_wconf 89' lang='lat' dir='ltr'>spolia</span> <span class='ocrx_word' id='word_1_367' title='bbox 1133 2711 1246 2754; x_wconf 85' lang='lat' dir='ltr'>colligi</span> <span class='ocrx_word' id='word_1_368' title='bbox 1259 2712 1368 2745; x_wconf 86' lang='lat' dir='ltr'>iubet.</span> <span class='ocrx_word' id='word_1_369' title='bbox 1388 2713 1463 2752; x_wconf 89' lang='lat' dir='ltr'>Quo</span> <span class='ocrx_word' id='word_1_370' title='bbox 1477 2713 1568 2746; x_wconf 84' lang='lat' dir='ltr'>facto</span> <span class='ocrx_word' id='word_1_371' title='bbox 1581 2715 1728 2747; x_wconf 90' lang='lat' dir='ltr'>Romam</span> <span class='ocrx_word' id='word_1_372' title='bbox 1742 2714 1862 2747; x_wconf 89' lang='lat' dir='ltr'>trium-</span> 
     </span>
     <span class='ocr_line' id='line_1_83' title="bbox 889 2761 1860 2806; baseline 0.004 -14"><span class='ocrx_word' id='word_1_373' title='bbox 889 2762 1003 2802; x_wconf 89' lang='lat' dir='ltr'>phans</span> <span class='ocrx_word' id='word_1_374' title='bbox 1019 2761 1120 2801; x_wconf 88' lang='lat' dir='ltr'>redit,</span> <span class='ocrx_word' id='word_1_375' title='bbox 1142 2770 1253 2803; x_wconf 87' lang='lat' dir='ltr'>seque</span> <span class='ocrx_word' id='word_1_376' title='bbox 1270 2763 1454 2804; x_wconf 86' lang='lat' dir='ltr'>tamquam</span> <span class='ocrx_word' id='word_1_377' title='bbox 1469 2762 1577 2796; x_wconf 90' lang='lat' dir='ltr'>deum</span> <span class='ocrx_word' id='word_1_378' title='bbox 1591 2762 1657 2796; x_wconf 89' lang='lat' dir='ltr'>coli</span> <span class='ocrx_word' id='word_1_379' title='bbox 1670 2763 1742 2796; x_wconf 92' lang='lat' dir='ltr'>vult</span> <span class='ocrx_word' id='word_1_380' title='bbox 1754 2765 1860 2806; x_wconf 92' lang='lat' dir='ltr'>atque</span> 
     </span>
     <span class='ocr_line' id='line_1_84' title="bbox 889 2810 1837 2854; baseline 0.004 -12"><span class='ocrx_word' id='word_1_381' title='bbox 889 2810 954 2843; x_wconf 89' lang='lat' dir='ltr'>alia</span> <span class='ocrx_word' id='word_1_382' title='bbox 981 2819 1132 2844; x_wconf 85' lang='lat' dir='ltr'>vesanae</span> <span class='ocrx_word' id='word_1_383' title='bbox 1157 2812 1284 2844; x_wconf 87' lang='lat' dir='ltr'>mentis</span> <span class='ocrx_word' id='word_1_384' title='bbox 1310 2810 1431 2844; x_wconf 91' lang='lat' dir='ltr'>deliria</span> <span class='ocrx_word' id='word_1_385' title='bbox 1451 2821 1558 2854; x_wconf 88' lang='lat' dir='ltr'>quam</span> <span class='ocrx_word' id='word_1_386' title='bbox 1583 2812 1731 2854; x_wconf 90' lang='lat' dir='ltr'>plurima</span> <span class='ocrx_word' id='word_1_387' title='bbox 1754 2814 1837 2846; x_wconf 88' lang='lat' dir='ltr'>edit.</span> 
     </span>
     <span class='ocr_line' id='line_1_85' title="bbox 932 2860 1859 2896; baseline 0.004 -4"><span class='ocrx_word' id='word_1_388' title='bbox 932 2860 1087 2892; x_wconf 87' lang='lat' dir='ltr'>Tandem</span> <span class='ocrx_word' id='word_1_389' title='bbox 1103 2861 1159 2893; x_wconf 86' lang='lat' dir='ltr'>IX.</span> <span class='ocrx_word' id='word_1_390' title='bbox 1173 2860 1246 2892; x_wconf 92' lang='lat' dir='ltr'>Kal.</span> <span class='ocrx_word' id='word_1_391' title='bbox 1263 2861 1365 2893; x_wconf 82' lang='lat' dir='ltr'>Febr.</span> <span class='ocrx_word' id='word_1_392' title='bbox 1384 2862 1508 2895; x_wconf 91' lang='lat' dir='ltr'>aetatis</span> <span class='ocrx_word' id='word_1_393' title='bbox 1524 2871 1615 2895; x_wconf 90' lang='lat' dir='ltr'>anno</span> <span class='ocrx_word' id='word_1_394' title='bbox 1630 2863 1745 2896; x_wconf 89' lang='lat' dir='ltr'>XXIX.</span> <span class='ocrx_word' id='word_1_395' title='bbox 1765 2864 1859 2896; x_wconf 86' lang='lat' dir='ltr'>iuxta</span> 
     </span>
     <span class='ocr_line' id='line_1_86' title="bbox 888 2909 1858 2951; baseline 0.004 -10"><span class='ocrx_word' id='word_1_396' title='bbox 888 2909 1068 2942; x_wconf 89' lang='lat' dir='ltr'>theatrum</span> <span class='ocrx_word' id='word_1_397' title='bbox 1103 2918 1122 2942; x_wconf 91' lang='lat' dir='ltr'>a</span> <span class='ocrx_word' id='word_1_398' title='bbox 1158 2910 1279 2942; x_wconf 91' lang='lat' dir='ltr'>Cassio</span> <span class='ocrx_word' id='word_1_399' title='bbox 1315 2911 1493 2951; x_wconf 89' lang='lat' dir='ltr'>Chaerea,</span> <span class='ocrx_word' id='word_1_400' title='bbox 1534 2912 1675 2945; x_wconf 91' lang='lat' dir='ltr'>tribuno</span> <span class='ocrx_word' id='word_1_401' title='bbox 1710 2912 1858 2945; x_wconf 91' lang='lat' dir='ltr'>militum</span> 
     </span>
     <span class='ocr_line' id='line_1_87' title="bbox 888 2960 1857 3003; baseline 0.003 -12"><span class='ocrx_word' id='word_1_402' title='bbox 888 2960 1205 3000; x_wconf 88' lang='lat' dir='ltr'>praetorianorum,</span> <span class='ocrx_word' id='word_1_403' title='bbox 1229 2961 1303 2993; x_wconf 88' lang='lat' dir='ltr'>viro</span> <span class='ocrx_word' id='word_1_404' title='bbox 1322 2962 1486 3003; x_wconf 87' lang='lat' dir='ltr'>antiquae</span> <span class='ocrx_word' id='word_1_405' title='bbox 1505 2961 1655 2995; x_wconf 88' lang='lat' dir='ltr'>libertati</span> <span class='ocrx_word' id='word_1_406' title='bbox 1680 2963 1857 3002; x_wconf 88' lang='lat' dir='ltr'>studente,</span> 
     </span>
     <span class='ocr_line' id='line_1_88' title="bbox 888 3008 1859 3050; baseline 0.004 -9"><span class='ocrx_word' id='word_1_407' title='bbox 888 3008 1034 3050; x_wconf 90' lang='lat' dir='ltr'>aliisque</span> <span class='ocrx_word' id='word_1_408' title='bbox 1058 3009 1247 3043; x_wconf 89' lang='lat' dir='ltr'>coniuratis</span> <span class='ocrx_word' id='word_1_409' title='bbox 1271 3011 1453 3044; x_wconf 89' lang='lat' dir='ltr'>occiditur.</span> <span class='ocrx_word' id='word_1_410' title='bbox 1479 3012 1733 3045; x_wconf 87' lang='lat' dir='ltr'>Verumtamen</span> <span class='ocrx_word' id='word_1_411' title='bbox 1755 3014 1859 3045; x_wconf 84' lang='lat' dir='ltr'>resti—</span> 
     </span>
     <span class='ocr_line' id='line_1_89' title="bbox 888 3058 1856 3102; baseline 0.004 -12"><span class='ocrx_word' id='word_1_412' title='bbox 888 3059 1040 3091; x_wconf 89' lang='lat' dir='ltr'>tuendae</span> <span class='ocrx_word' id='word_1_413' title='bbox 1072 3058 1241 3092; x_wconf 86' lang='lat' dir='ltr'>libertatis</span> <span class='ocrx_word' id='word_1_414' title='bbox 1273 3059 1417 3093; x_wconf 87' lang='lat' dir='ltr'>consilia</span> <span class='ocrx_word' id='word_1_415' title='bbox 1440 3062 1536 3094; x_wconf 89' lang='lat' dir='ltr'>irrita</span> <span class='ocrx_word' id='word_1_416' title='bbox 1560 3061 1744 3102; x_wconf 88' lang='lat' dir='ltr'>cecidere,</span> <span class='ocrx_word' id='word_1_417' title='bbox 1776 3071 1856 3095; x_wconf 90' lang='lat' dir='ltr'>cum</span> 
     </span>
     <span class='ocr_line' id='line_1_90' title="bbox 887 3108 1859 3150; baseline 0.003 -10"><span class='ocrx_word' id='word_1_418' title='bbox 887 3108 967 3140; x_wconf 88' lang='grc' dir='ltr'><strong>ΤΙΒ.</strong></span> <span class='ocrx_word' id='word_1_419' title='bbox 993 3109 1220 3149; x_wconf 87' lang='lat' dir='ltr'>CLAUDIUS,</span> <span class='ocrx_word' id='word_1_420' title='bbox 1250 3109 1354 3143; x_wconf 87' lang='lat' dir='ltr'>Drusi</span> <span class='ocrx_word' id='word_1_421' title='bbox 1377 3109 1486 3150; x_wconf 84' lang='lat' dir='ltr'>filius,</span> <span class='ocrx_word' id='word_1_422' title='bbox 1522 3112 1719 3144; x_wconf 88' lang='lat' dir='ltr'>Germanici</span> <span class='ocrx_word' id='word_1_423' title='bbox 1751 3111 1859 3144; x_wconf 83' lang='lat' dir='ltr'>frater</span> 
     </span>
     <span class='ocr_line' id='line_1_91' title="bbox 887 3157 1857 3202; baseline 0.003 -13"><span class='ocrx_word' id='word_1_424' title='bbox 887 3157 1020 3197; x_wconf 87' lang='lat' dir='ltr'>minor,</span> <span class='ocrx_word' id='word_1_425' title='bbox 1048 3166 1067 3189; x_wconf 89' lang='lat' dir='ltr'>a</span> <span class='ocrx_word' id='word_1_426' title='bbox 1090 3158 1322 3199; x_wconf 88' lang='lat' dir='ltr'>praetorianis</span> <span class='ocrx_word' id='word_1_427' title='bbox 1347 3159 1514 3194; x_wconf 91' lang='lat' dir='ltr'>militibus</span> <span class='ocrx_word' id='word_1_428' title='bbox 1539 3170 1581 3194; x_wconf 88' lang='lat' dir='ltr'>ex</span> <span class='ocrx_word' id='word_1_429' title='bbox 1605 3160 1748 3193; x_wconf 87' lang='lat' dir='ltr'>latebris</span> <span class='ocrx_word' id='word_1_430' title='bbox 1771 3170 1857 3202; x_wconf 92' lang='lat' dir='ltr'>pro-</span> 
     </span>
     <span class='ocr_line' id='line_1_92' title="bbox 886 3207 1856 3252; baseline 0.006 -14"><span class='ocrx_word' id='word_1_431' title='bbox 886 3207 1035 3247; x_wconf 88' lang='lat' dir='ltr'>tractus,</span> <span class='ocrx_word' id='word_1_432' title='bbox 1062 3216 1139 3240; x_wconf 90' lang='lat' dir='ltr'>rem</span> <span class='ocrx_word' id='word_1_433' title='bbox 1163 3207 1341 3250; x_wconf 89' lang='lat' dir='ltr'>publicam</span> <span class='ocrx_word' id='word_1_434' title='bbox 1366 3213 1581 3252; x_wconf 89' lang='lat' dir='ltr'>capesseret.</span> <span class='ocrx_word' id='word_1_435' title='bbox 1618 3212 1650 3243; x_wconf 91' lang='lat' dir='ltr'>Is</span> <span class='ocrx_word' id='word_1_436' title='bbox 1673 3210 1856 3244; x_wconf 87' lang='lat' dir='ltr'>moderate</span> 
     </span>
     <span class='ocr_line' id='line_1_93' title="bbox 885 3256 1857 3302; baseline 0.006 -14"><span class='ocrx_word' id='word_1_437' title='bbox 885 3257 921 3288; x_wconf 87' lang='lat' dir='ltr'>et</span> <span class='ocrx_word' id='word_1_438' title='bbox 944 3256 1114 3290; x_wconf 90' lang='lat' dir='ltr'>industrie</span> <span class='ocrx_word' id='word_1_439' title='bbox 1138 3267 1243 3300; x_wconf 84' lang='lat' dir='ltr'>agere</span> <span class='ocrx_word' id='word_1_440' title='bbox 1268 3260 1402 3301; x_wconf 87' lang='lat' dir='ltr'>coepit,</span> <span class='ocrx_word' id='word_1_441' title='bbox 1428 3261 1689 3302; x_wconf 86' lang='lat' dir='ltr'>magistratibus</span> <span class='ocrx_word' id='word_1_442' title='bbox 1705 3270 1747 3293; x_wconf 90' lang='lat' dir='ltr'>ac</span> <span class='ocrx_word' id='word_1_443' title='bbox 1769 3261 1857 3294; x_wconf 91' lang='lat' dir='ltr'>iudi-</span> 
     </span>
    </p>
   </div>
   <div class='ocr_carea' id='block_1_26' title="bbox 885 3306 1875 3351">
    <p class='ocr_par' dir='ltr' id='par_1_28' title="bbox 885 3306 1875 3351">
     <span class='ocr_line' id='line_1_94' title="bbox 885 3306 1875 3351; baseline 0.006 -14"><span class='ocrx_word' id='word_1_444' title='bbox 885 3306 947 3338; x_wconf 92' lang='lat' dir='ltr'>ciis</span> <span class='ocrx_word' id='word_1_445' title='bbox 963 3315 1068 3339; x_wconf 91' lang='lat' dir='ltr'>suum</span> <span class='ocrx_word' id='word_1_446' title='bbox 1083 3307 1256 3341; x_wconf 89' lang='lat' dir='ltr'>bonorem</span> <span class='ocrx_word' id='word_1_447' title='bbox 1273 3310 1589 3351; x_wconf 89' lang='lat' dir='ltr'>auctoritatemque</span> <span class='ocrx_word' id='word_1_448' title='bbox 1607 3311 1768 3350; x_wconf 83' lang='lat' dir='ltr'>restituit,</span> <span class='ocrx_word' id='word_1_449' title='bbox 1794 3320 1856 3344; x_wconf 87' lang='lat' dir='ltr'>ex-</span> <span class='ocrx_word' id='word_1_450' title='bbox 1873 3327 1875 3340; x_wconf 85' lang='grc' dir='ltr'>ι</span> 
     </span>
    </p>
   </div>
   <div class='ocr_carea' id='block_1_27' title="bbox 883 3355 1875 3450">
    <p class='ocr_par' dir='ltr' id='par_1_29' title="bbox 883 3355 1875 3450">
     <span class='ocr_line' id='line_1_95' title="bbox 883 3355 1875 3402; baseline 0.005 -14"><span class='ocrx_word' id='word_1_451' title='bbox 883 3355 978 3388; x_wconf 91' lang='lat' dir='ltr'>sules</span> <span class='ocrx_word' id='word_1_452' title='bbox 1002 3356 1207 3391; x_wconf 88' lang='lat' dir='ltr'>innocentes</span> <span class='ocrx_word' id='word_1_453' title='bbox 1230 3360 1384 3399; x_wconf 88' lang='lat' dir='ltr'>revocat,</span> <span class='ocrx_word' id='word_1_454' title='bbox 1409 3360 1445 3391; x_wconf 92' lang='lat' dir='ltr'>in</span> <span class='ocrx_word' id='word_1_455' title='bbox 1468 3359 1598 3401; x_wconf 91' lang='lat' dir='ltr'>quibus</span> <span class='ocrx_word' id='word_1_456' title='bbox 1615 3361 1800 3402; x_wconf 86' lang='lat' dir='ltr'>Agrippina</span> <span class='ocrx_word' id='word_1_457' title='bbox 1821 3360 1875 3394; x_wconf 94' lang='lat' dir='ltr'>et</span> 
     </span>
     <span class='ocr_line' id='line_1_96' title="bbox 883 3404 1856 3450; baseline 0.007 -13"><span class='ocrx_word' id='word_1_458' title='bbox 883 3404 977 3438; x_wconf 91' lang='lat' dir='ltr'>Iulia.</span> <span class='ocrx_word' id='word_1_459' title='bbox 1003 3406 1073 3439; x_wconf 87' lang='lat' dir='ltr'>Sed</span> <span class='ocrx_word' id='word_1_460' title='bbox 1084 3407 1205 3441; x_wconf 89' lang='lat' dir='ltr'>hebeti</span> <span class='ocrx_word' id='word_1_461' title='bbox 1216 3408 1384 3450; x_wconf 90' lang='lat' dir='ltr'>principis</span> <span class='ocrx_word' id='word_1_462' title='bbox 1402 3409 1541 3450; x_wconf 85' lang='lat' dir='ltr'>ingenio</span> <span class='ocrx_word' id='word_1_463' title='bbox 1556 3410 1739 3443; x_wconf 90' lang='lat' dir='ltr'>Narcissus</span> <span class='ocrx_word' id='word_1_464' title='bbox 1751 3409 1856 3444; x_wconf 89' lang='lat' dir='ltr'>liber-</span> 
     </span>
    </p>
   </div>
   <div class='ocr_carea' id='block_1_28' title="bbox 1886 2871 2003 2903">
    <p class='ocr_par' dir='ltr' id='par_1_30' title="bbox 1886 2871 2003 2903">
     <span class='ocr_line' id='line_1_97' title="bbox 1886 2871 2003 2903; baseline -0.009 0"><span class='ocrx_word' id='word_1_465' title='bbox 1886 2871 2003 2903; x_wconf 87' lang='lat' dir='ltr'>Deest.</span> 
     </span>
    </p>
   </div>
  </div>
 </body>
</html>
