2254 3770
769 281 924 326 11111111
952 281 985 325 1.
1043 281 1145 339 cap.
1173 281 1214 324 9.
1245 279 1311 324 1ο.

1872 279 1926 323 ’13

155 388 399 434 dominandi
429 387 618 432 concitos
651 401 731 446 per
757 386 1024 445 largitionem
1052 393 1295 440 veteranos,
1334 393 1530 446 paratum
1566 385 1620 430 ab
1655 384 1929 430 adulescente

153 464 316 523 privato
346 463 596 514 exercitum,
629 469 851 520 corruptas
870 462 1057 507 consulis
1077 461 1286 519 legiones,
1318 462 1557 507 simulatam
1574 461 1929 519 Pompeianarum

153 539 330 597 gratiam
358 538 564 596 partium;
606 551 705 581 mox
733 537 808 581 ubi
838 537 1014 582 decreto
1042 544 1211 595 patrum
1239 537 1378 582 fasces
1407 544 1450 582 et
1478 538 1545 581 ius
1574 536 1783 595 praetoris
1812 536 1930 579 inva-

153 613 272 662 serit,
320 613 457 657 caesis
486 613 619 657 Hirtio
651 620 692 656 et
719 614 880 662 Pansa,
928 613 1018 656 sive
1055 612 1188 656 hostis
1227 612 1344 663 illos,
1391 627 1470 657 seu
1507 614 1690 657 Pansam
1718 625 1931 656 venenum

151 687 315 732 vulneri
336 687 549 739 adfusum,
582 688 648 731 sui
676 687 831 732 milites
860 688 1041 731 Hirtium
1060 696 1103 732 et
1122 688 1384 732 machinator
1403 688 1488 732 doli
1510 689 1668 733 Caesar
1687 686 1925 737 abstulerat.
1943 706 1962 736 5

151 762 373 821 utriusque
394 763 540 820 copias
561 763 860 821 occupavisse;
882 769 1092 806 extortum
1111 763 1241 807 invito
1261 770 1412 807 senatu
1428 763 1706 814 consulatum,
1727 776 1931 820 armaque

152 851 265 896 quae
294 838 336 880 in
364 838 590 881 Antonium
618 839 834 896 acceperit
863 845 1009 882 contra
1039 852 1130 882 rem
1161 837 1378 896 publicam
1403 852 1545 891 versa;
1575 838 1932 897 proscriptionem

152 913 326 963 civium,
358 913 589 957 divisiones
619 927 837 971 agrorum,
869 927 923 957 ne
953 914 1058 971 ipsis
1087 913 1264 972 quidem
1293 914 1366 972 qui
1398 914 1540 958 fecere
1569 914 1775 958 laudatas.
1827 926 1930 956 sane

153 987 286 1032 Cassii
325 995 368 1032 et
396 989 623 1032 Brutorum
664 988 801 1032 exitus
838 989 1027 1046 paternis
1057 989 1285 1033 inimicitiis
1315 989 1453 1038 datos,
1499 1003 1760 1047 quamquam
1787 988 1849 1031 fas
1880 988 1933 1031 sit

151 1063 315 1120 privata
345 1063 444 1106 odia
472 1063 656 1121 publicis
684 1062 932 1107 utilitatibus
963 1065 1198 1108 remittere:
1230 1063 1307 1107 sed
1329 1064 1580 1122 Pompeium
1599 1065 1781 1122 imagine
1800 1064 1931 1122 pacis,
1945 1086 1982 1116 ⁴0

153 1137 231 1181 sed
251 1137 461 1196 Lepidum
490 1139 635 1196 specie
665 1138 875 1182 amicitiae
905 1138 1131 1196 deceptos;
1161 1146 1258 1197 post
1278 1139 1520 1188 Antonium,
1553 1140 1776 1183 Tarentino
1797 1140 1934 1182 Brun-

153 1212 381 1271 disinoque
411 1211 585 1257 foedere
615 1219 658 1256 et
688 1213 845 1271 nuptiis
865 1214 1025 1257 sororis
1048 1214 1263 1265 inlectum‚
1296 1213 1506 1258 subdolae
1526 1214 1751 1258 adfinitatis
1771 1228 1933 1273 poenas

153 1294 290 1331 morte
319 1287 568 1332 exsolvisse.
625 1302 779 1346 pacem
808 1289 900 1332 sine
930 1289 1061 1333 dubio
1090 1296 1188 1347 post
1215 1289 1344 1341 haec,
1374 1304 1525 1333 verum
1554 1297 1793 1334 cruentam:
1837 1289 1934 1334 Lol-

218 1458 251 1491 8.
281 1459 386 1500 fecere
407 1459 458 1492 M:
482 1467 603 1500 cepere
637 1459 807 1492 Muretus.
838 1477 872 1482 —
913 1459 944 1492 9.
964 1463 1146 1501 pratorum
1166 1461 1201 1495 M
1226 1477 1260 1484 —
1294 1461 1481 1494 inimititius
1501 1462 1536 1495 M
1565 1478 1600 1484 —
1639 1462 1692 1495 Η.
1716 1462 1815 1503 spetie
1836 1462 1870 1496 Μ
1894 1480 1931 1486 -

155 1515 209 1549 ⁴2.
233 1514 363 1548 subdolo
384 1515 428 1548 M.

153 1670 249 1703 ambo
278 1679 380 1712 opera
410 1670 479 1703 eius
502 1670 640 1710 occisos,
669 1673 707 1702 ut
728 1670 869 1704 Antonio
890 1671 1020 1713 fugato,

155 1730 194 1754 re
210 1731 249 1762 p.
265 1720 448 1754 consulibus
462 1720 593 1761 orbata,
616 1720 704 1752 solus
716 1721 822 1753 victor
843 1725 909 1754 tres
922 1730 1022 1753 exer-

155 1772 239 1804 citus
253 1774 439 1812 occuparet.
475 1771 601 1803 Pansae
617 1770 747 1810 quidem
769 1771 851 1803 adeo
872 1774 1022 1812 suspecta

155 1830 245 1853 mors
272 1821 355 1863 suit,
388 1824 426 1853 ut
456 1820 556 1861 Glyco
588 1821 732 1853 medicus
758 1822 937 1854 custoditus
966 1821 1020 1862 sit,

157 1871 252 1911 quasi
284 1879 443 1903 venenum
474 1870 604 1902 vulneri
636 1870 814 1904 indidisset.
849 1889 884 1894 —
918 1872 1021 1903 invito

154 1919 282 1962 senatu]
305 1920 460 1958 Muretus
483 1919 638 1953 malebat
650 1921 793 1961 senatui,
818 1919 883 1953 sed
905 1924 1022 1953 senatu

161 1971 215 2002 est
237 1969 411 2011 antiquior
433 1968 538 2002 dativi
560 1970 685 2002 forma.
731 1970 782 2003 De
805 1979 845 2002 re
869 1970 912 2002 cf.
938 1971 1021 2003 Sue-

155 2019 290 2052 tonium
318 2019 437 2053 001011.
469 2028 501 2052 c.
526 2019 584 2051 26:
626 2020 838 2052 Consulatum
870 2020 1021 2053 vicesimo

155 2069 273 2101 aetatis
286 2077 375 2101 anno
390 2069 513 2101 invasit
526 2069 667 2101 admotis
680 2070 839 2102 hostiliter
849 2070 894 2102 ad
907 2069 1022 2103 urbem

154 2117 334 2160 legionibus
353 2118 523 2160 missisque
545 2119 602 2159 qui
623 2118 685 2151 sibi
706 2120 837 2152 nomine
859 2119 1023 2152 exercitus

156 2169 387 2209 deposcerent:
429 2177 504 2201 cum
536 2169 668 2210 quidem
699 2173 874 2202 cunctante
906 2173 1022 2202 senatu

156 2218 325 2252 Cornelius
338 2219 502 2259 centurio,
522 2219 677 2260 princeps
691 2219 880 2261 legationis,
903 2220 1022 2252 reiecto

155 2269 273 2310 saqulo
295 2269 463 2301 ostendens
476 2269 582 2311 gladii
595 2269 751 2310 capulum
764 2279 831 2302 non
847 2269 1023 2302 dubitasset

156 2317 193 2350 in
219 2318 316 2350 curia
346 2318 474 2350 dicere:
514 2319 594 2351 «Hic
621 2319 723 2360 faciet
750 2319 779 2351 si
805 2328 863 2351 vos
883 2329 950 2351 non
970 2320 1022 2360 se-

157 2368 300 2400 cer-itis.»
323 2384 359 2390 —
385 2368 559 2409 acceperit]
583 2377 626 2401 ex
642 2369 861 2411 optimatium
878 2369 1021 2411 quidem

158 2419 290 2450 mente.
335 2417 423 2450 Hinc
446 2418 707 2459 coniunctivus,
739 2427 803 2460 pro
833 2427 903 2460 quo
926 2428 1022 2451 acce-

151 2469 253 2507 perat
284 2465 440 2499 malebat
460 2467 627 2500 Muretus.
657 2485 692 2491 —
723 2469 780 2508 qui
801 2468 916 2510 fecere]
945 2468 1022 2500 fieri

156 2515 346 2548 iusserunt.
364 2515 489 2549 Refero
502 2516 548 2548 ad
559 2516 652 2549 solas
664 2517 837 2550 divisiones
847 2526 1021 2560 aprorum,

158 2573 230 2598 non
246 2574 329 2598 cum
355 2566 429 2598 aliis
453 2567 559 2598 etiam
581 2566 627 2598 ad
645 2568 931 2608 proscriptionem.
970 2567 1021 2600 Cf.

157 2614 222 2647 Dio
245 2614 300 2655 48.
326 2615 364 2648 6:
389 2609 438 2658 ἦν
459 2613 500 2647 δὲ
522 2614 564 2648 ἐν
585 2615 631 2662 τῇ
655 2614 868 2663 κληρουχίᾳ
889 2613 1031 2660 ἀμφο-·

158 2664 283 2710 τέροις
305 2661 331 2705 ἧ
348 2663 504 2708 πλείστη
520 2662 589 2708 τῆς
604 2663 801 2709 δυνάμεως
815 2665 932 2708 ἐλπίς,
956 2667 1023 2700 καὶ

160 2711 223 2746 διὰ
246 2711 355 2747 τοῦθ’
379 2710 474 2761 ὑπὲρ
497 2712 619 2758 αὐτῆς
641 2715 791 2763 πρῶτον
813 2713 1023 2763 ἀρξάμενοι

159 2761 456 2810 διεφέροντο.
485 2783 521 2788 -
541 2782 576 2788 -
604 2761 657 2806 ὥς
689 2764 783 2809 γοῦν
818 2763 920 2813 παρὰ
952 2762 1023 2809 τὴν

159 2809 277 2855 δόξαν
310 2809 437 2846 αὐτῶν
468 2811 588 2857 πολλὴ
623 2812 810 2862 ταραχὴ
841 2815 1022 2860 ἐγίγνετο,

159 2863 225 2895 καὶ
256 2858 301 2895 τὸ
331 2861 487 2909 πρᾶγμα
514 2863 554 2904 ἐς
586 2861 802 2908 πόλεμον
835 2863 1024 2911 προήγετο

160 2923 196 2945 κ.
213 2921 246 2944 τ.
266 2909 299 2944 λ.
338 2913 559 2954 Ingeniosam
576 2914 719 2955 quidem
743 2914 807 2948 sed
828 2915 923 2948 haud
946 2924 1026 2957 pro-

160 2960 316 2995 babilem
332 2962 455 2995 Mureti
478 2964 716 2998 coniecturam
738 2974 851 3006 cepere
872 2965 1025 2998 nonnulli

162 3011 402 3045 defendebant
423 3013 578 3045 Suetonii
600 3014 802 3047 testimonio
825 3015 944 3047 Octav.
964 3014 1022 3047 ⁴3:

161 3070 265 3102 neque
290 3064 523 3094 veteranorum
554 3072 658 3103 neque
686 3073 910 3104 possessorum
940 3073 1025 3105 yra-

162 3111 245 3143 tiam
259 3111 378 3150 tenuit,
402 3111 516 3143 alteris
526 3112 604 3152 pelli
618 3121 664 3153 se,
689 3114 802 3146 alteris
815 3123 882 3146 non
891 3122 957 3154 pro
970 3121 1027 3153 spe

161 3160 356 3193 meritorum
384 3161 526 3192 tractari
553 3162 777 3203 querentibus,
813 3161 1026 3203 quibuscum

164 3210 339 3242 consentit
366 3210 430 3242 Dio
454 3207 476 3241 l.
502 3208 524 3242 l.
559 3228 595 3234 —-
630 3210 820 3252 Brutorum]
855 3211 960 3244 Marci
992 3211 1027 3243 01

163 3258 309 3291 Decimi.
337 3275 372 3281 —
404 3259 459 3291 sed
482 3275 500 3282 -
521 3258 585 3300 sed]
620 3259 674 3291 Ad
707 3259 924 3293 rhetoricum
957 3260 1026 3292 1100

164 3304 300 3350 σχῆμα
320 3306 467 3341 wolfius
496 3308 583 3340 scite
615 3307 759 3341 contulit
786 3310 957 3342 Senecam
981 3309 1025 3342 de

164 3354 284 3389 Benel'.
317 3357 355 3397 4,
388 3357 427 3389 ⁴:
465 3357 520 3390 sed
553 3357 744 3399 difficulter,
777 3359 832 3391 sed
863 3359 1028 3392 subductis

165 3405 364 3446 napa-ciliis,
403 3406 459 3440 sed
489 3407 646 3449 matianis
681 3411 713 3440 et
741 3408 803 3440 vix
835 3408 1028 3442 exeuntibus

1067 1671 1185 1705 verbis.
1213 1688 1249 1695 —
1274 1672 1463 1713 Pompeium
1483 1673 1629 1715 imayine
1644 1673 1752 1716 pacis]
1775 1673 1935 1706 Octavia-

1069 1730 1136 1754 nus
1159 1722 1310 1755 Muciam
1333 1722 1412 1755 Sex.
1429 1723 1586 1765 Pompeii
1608 1725 1760 1757 matrem
1783 1724 1827 1756 ad
1851 1731 1934 1756 eum

1069 1772 1230 1812 miserat,
1265 1779 1498 1813 sororemque
1521 1774 1559 1805 L.
1584 1772 1756 1806 Scribonii
1779 1772 1933 1814 Libonis,

1069 1821 1129 1862 qui
1152 1821 1309 1863 Pompeii
1338 1830 1442 1854 socer
1471 1823 1565 1863 erat,
1601 1831 1749 1856 uxorem
1773 1823 1933 1863 duxerat,

1068 1872 1108 1903 ut
1123 1872 1348 1913 Pompeium,
1374 1879 1482 1913 quem
1505 1873 1595 1905 mari
1616 1872 1807 1915 plurimum
1829 1881 1935 1916 posse

1069 1919 1295 1962 intelligebat,
1322 1920 1389 1954 sibi
1405 1921 1623 1964 adiungeret.
1649 1924 1775 1956 Postea
1791 1923 1825 1956 in
1841 1923 1935 1955 Sexti

1069 1970 1150 2002 navi
1179 1973 1386 2011 cenaverat;
1421 1973 1498 2014 ipse
1530 1981 1613 2005 eum
1640 1973 1800 2005 convivio
1829 1981 1936 2005 exce-

1068 2021 1189 2061 perat;
1220 2022 1263 2054 M.
1288 2020 1451 2054 Marcello
1478 2022 1610 2055 sororis
1637 2021 1707 2055 filio
1729 2023 1935 2065 Pompeiam

1069 2070 1162 2102 Sexti
1185 2069 1292 2103 filiam
1315 2070 1565 2113 desponderat.
1604 2072 1675 2105 Sed
1702 2074 1821 2106 tamen
1852 2081 1936 2106 eum

1068 2121 1193 2161 postea
1217 2129 1237 2152 e
1260 2120 1379 2153 medio
1402 2120 1595 2155 tollendum
1619 2123 1766 2155 curavit.
1797 2123 1862 2155 Dio
1878 2121 1933 2163 48,

1069 2170 1123 2202 36.
1147 2171 1278 2203 Munsr.
1319 2170 1369 2204 Cf.
1395 2170 1515 2204 Vellei.
1539 2172 1573 2213 2,
1598 2172 1649 2205 77.
1691 2173 1832 2205 Sueton.
1859 2173 1932 2206 Oct.

1070 2220 1123 2252 46.
1151 2238 1187 2244 —
1211 2221 1371 2261 Lepidum
1391 2222 1495 2262 specie
1516 2222 1694 2264 amicitiae]
1729 2223 1817 2255 Huic
1840 2223 1936 2255 enim

1071 2278 1114 2301 ex
1135 2269 1250 2303 Africa
1273 2270 1464 2312 advocato,
1500 2273 1541 2304 ut
1567 2271 1634 2305 sibi
1657 2272 1828 2306 adversus
1853 2273 1932 2305 Sex.

1070 2320 1276 2361 Pompeium
1307 2320 1433 2353 auxilio
1462 2322 1576 2362 esset,
1610 2320 1765 2363 legiones
1799 2324 1834 2355 et
1866 2323 1936 2356 im-

1069 2369 1208 2410 perium
1231 2370 1363 2403 ademit
1385 2379 1417 2403 a.
1442 2371 1518 2404 718.
1557 2372 1621 2404 Dio
1643 2371 1698 2413 49,
1723 2373 1776 2405 ⁴2.
1811 2371 1934 2406 Vellei.

1069 2418 1110 2457 2,
1141 2418 1195 2451 86.
1223 2436 1259 2442 —
1292 2420 1467 2453 Tarentino
1499 2421 1765 2463 Brundisinoque
1795 2422 1934 2464 foedere]

1070 2464 1320 2514 ὑοτερολογὶα
1349 2470 1441 2503 haec
1463 2470 1619 2504 admissa
1642 2472 1712 2511 est,
1747 2472 1787 2504 ut
1813 2472 1938 2513 iunge-

1070 2519 1193 2550 rentur
1226 2528 1317 2561 quae
1352 2520 1480 2553 eodem
1517 2522 1679 2563 tempore
1717 2521 1808 2555 facta
1841 2524 1934 2555 sunt.

1070 2568 1208 2602 Etenim
1235 2577 1267 2601 0.
1297 2568 1372 2603 714.
1403 2571 1554 2602 Α11101110
1581 2570 1806 2604 Brundisium
1839 2570 1937 2605 obsi-

1071 2617 1176 2650 dente
1190 2643 1198 2657 ,
1222 2619 1428 2660 priusquam
1452 2621 1616 2661 apertum
1637 2619 1771 2653 bellum
1787 2622 1937 2654 exsiste-

1070 2668 1142 2706 ret,
1174 2667 1251 2709 ipso
1279 2668 1454 2701 Octaviani
1485 2669 1641 2702 exercitu
1669 2669 1845 2711 flagitante
1868 2678 1937 2713 pax

1068 2716 1197 2758 foedere
1217 2717 1418 2750 Brundisino
1445 2719 1604 2751 restituta
1635 2720 1671 2751 et
1692 2721 1832 2753 Antonii
1854 2729 1936 2753 cum

1071 2766 1212 2798 Octavia
1243 2766 1281 2799 C.
1307 2767 1459 2800 Marcelli
1491 2767 1599 2800 vidua
1634 2770 1765 2811 nuptiis
1798 2769 1936 2802 firmata

1072 2816 1143 2854 est;
1170 2815 1345 2849 Tarentino
1366 2819 1485 2850 autem
1510 2817 1684 2851 discordia
1707 2818 1823 2852 denuo
1846 2820 1938 2852 inter

1071 2865 1260 2898 Antonium
1284 2867 1320 2898 et
1335 2867 1564 2900 Octavianum
1580 2869 1656 2900 orta
1678 2876 1743 2910 per
1757 2869 1936 2901 Octaviam

1073 2915 1267 2956 composita
1291 2917 1345 2948 est
1366 2924 1398 2948 a.
1417 2916 1492 2961 7⁴7.
1512 2933 1548 2939 -—
1573 2917 1743 2950 Lollianas
1760 2919 1939 2951 Varianas-

1073 2972 1135 3004 que
1156 2964 1275 3006 clades]
1299 2965 1441 2998 Sueton.
1468 2966 1586 2999 Octav.
1611 2967 1673 2999 23:
1700 2968 1825 3000 Graves
1844 2967 1938 3009 19ηο-

1071 3014 1193 3045 minias
1214 3014 1385 3055 cladesque
1406 3015 1490 3048 duas
1511 3016 1643 3049 omnino
1665 3026 1727 3050 nec
1742 3016 1822 3049 alibi
1837 3025 1938 3058 quam

1072 3063 1107 3094 in
1123 3062 1306 3095 Germania
1319 3065 1462 3105 accepit,
1486 3065 1672 3098 Lollianam
1691 3069 1722 3099 et
1740 3067 1935 3107 Varianam,

1072 3112 1127 3144 sed
1141 3112 1327 3145 Lollianam
1343 3113 1385 3154 (a.
1404 3113 1492 3155 738.)
1510 3115 1649 3147 maioris
1663 3115 1822 3157 infamiae
1836 3124 1936 3156 quam

1073 3161 1258 3195 detrimenti
1280 3162 1384 3204 (unde
1407 3163 1556 3197 fortasse
1573 3164 1703 3197 factum
1727 3166 1796 3205 est,
1822 3167 1861 3198 ut
1881 3166 1937 3199 in-

1073 3212 1271 3244 verteretur
1289 3212 1325 3244 in
1340 3212 1492 3245 Eusebio
1509 3214 1780 3254 Hieronymiano
1796 3213 1935 3258 olymp.

1075 3260 1150 3300 490,
1174 3260 1214 3294 4:
1241 3261 1423 3294 Germanos
1443 3263 1480 3294 in
1502 3271 1601 3295 arma
1621 3271 1731 3295 versos
1750 3264 1798 3296 M.
1816 3264 1938 3298 Lollius

1074 3309 1234 3352 mperat),
1258 3311 1441 3343 Varianam
1457 3312 1500 3353 (a.
1515 3312 1604 3352 762.)
1616 3320 1723 3352 paene
1736 3313 1937 3347 exitiabilem

1073 3358 1177 3391 tribus
1198 3360 1376 3402 legionibus
1397 3369 1472 3393 cum
1486 3361 1567 3393 duce
1588 3360 1767 3403 legatisque
1787 3366 1819 3397 et
1832 3364 1937 3396 auoei·

1074 3408 1126 3442 liis
1147 3408 1297 3443 omnibus
1317 3410 1431 3444 caesis.
1468 3410 1518 3443 Cf.
1542 3409 1607 3443 Dio
1629 3409 1690 3452 54,
1721 3411 1776 3446 20.
1811 3411 1933 3447 Vellei.
