2254 3770
293 265 347 310 ⁴2
770 271 815 314 P.
847 269 1095 314 CORNELII
1123 269 1293 315 TACITI
1321 269 1588 315 ANNALIUM

292 371 404 428 ginta
441 387 574 418 annos
614 374 837 419 tribunicia
871 381 1078 433 potestas,
1124 389 1278 419 nomen
1316 376 1569 433 inperatoris
1608 376 1741 421 semel
1779 384 1907 436 atque
1936 377 2069 422 vicies

291 453 479 506 partum,
511 448 678 507 aliaque
708 449 919 493 honorum
946 450 1221 508 multiplicata
1250 456 1322 493 aut
1349 464 1471 494 nova.
1522 456 1564 493 at
1593 451 1705 509 apud
1730 452 1964 510 prudentes
1985 452 2069 496 vita

292 522 385 566 eius
405 525 521 567 varie
542 524 820 568 extollebatur
841 525 1163 583 arguebaturve.
1208 525 1249 567 hi
1280 525 1436 583 pietate
1467 539 1569 582 erga
1597 534 1818 583 parentem
1847 533 1890 571 et
1919 541 2071 572 neces-

292 597 476 642 situdine
505 598 567 643 rei
595 599 811 657 publicae,
844 599 886 642 in
915 614 1000 658 qua
1030 599 1171 643 nullus
1201 606 1300 643 tunc
1330 599 1495 657 legibus
1524 599 1661 650 locus,
1699 601 1753 645 ad
1784 616 1900 646 arma
1930 602 2069 646 civilia

261 678 452 724 sactum,
485 687 596 731 quae
627 688 767 732 neque
797 675 937 732 parari
967 681 1143 732 possent
1172 688 1314 733 neque
1336 675 1483 719 haberi
1513 689 1593 733 per
1612 675 1746 720 bonas
1767 683 1893 721 artes.
1937 677 2071 721 multa

291 748 488 798 Antonio,
520 748 623 792 dum
653 749 941 794 interfectores
971 750 1101 807 patris
1131 749 1426 799 ulcisceretur,
1459 750 1588 794 multa
1610 751 1770 809 Lepido
1789 738 2068 797 concessisse.

292 828 520 881 postquam
548 822 617 867 hic
646 824 845 868 socordia
874 825 1081 876 senuerit,
1113 824 1182 868 ille
1212 839 1292 882 per
1322 825 1518 869 libidines
1543 839 1721 883 pessum
1740 826 1863 871 datus
1885 827 1955 879 sit,
1986 841 2072 871 non

293 896 407 940 aliud
436 897 718 942 discordantis
755 900 916 958 patriae
956 899 1194 944 remedium
1232 900 1363 944 fuisse
1393 913 1523 958 quam
1560 907 1606 944 ut
1635 901 1689 945 ab
1719 915 1805 945 uno
1835 909 2068 960 regeretur.

293 986 378 1015 non
416 986 548 1032 regno
586 980 727 1018 tamen
769 988 910 1033 neque
949 974 1174 1026 dictatura,
1228 975 1305 1018 sed
1349 975 1553 1033 principis
1596 976 1766 1020 nomine
1807 977 2074 1021 constitutam

244 1057 281 1087 ιο
294 1061 386 1091 rem
414 1047 648 1105 publicam;
678 1050 784 1093 mari
807 1050 980 1094 Oceano
1011 1057 1082 1093 aut
1112 1050 1306 1094 amnibus
1337 1050 1578 1108 longinquis
1608 1058 1803 1110 saeptum
1825 1053 2070 1110 imperium3

294 1121 484 1180 legiones
526 1123 767 1181 provincias
811 1124 990 1175 classes,
1019 1132 1188 1168 cuncta
1233 1127 1341 1169 inter
1380 1140 1427 1169 se
1467 1139 1649 1179 conexa;
1696 1126 1762 1170 ius
1808 1134 1910 1186 aput
1944 1127 2071 1179 cives,

294 1197 548 1242 modestiam
576 1205 678 1256 aput
706 1200 866 1252 socios;
896 1199 1049 1243 urbem
1072 1200 1209 1258 ipsam
1235 1200 1458 1259 magnifico
1485 1208 1653 1255 ornatu3
1683 1215 1823 1261 pauca
1842 1202 2072 1247 admodum

294 1271 336 1315 vi
365 1278 555 1324 tractata,
588 1288 674 1332 quo
704 1275 858 1319 ceteris
888 1275 1012 1332 quies
1043 1282 1168 1319 esset.
1219 1276 1299 1333 (lo)
1332 1276 1554 1320 dicebatur
1583 1283 1729 1321 contra
1750 1278 1951 1335 pietatem
1971 1292 2075 1336 erga

295 1354 515 1406 parentem
552 1355 595 1392 et
628 1355 820 1407 tempora
860 1351 923 1393 rei
960 1349 1158 1407 publicae
1196 1350 1384 1395 obtentui
1422 1358 1607 1410 sumpta:
1651 1358 1843 1396 ceterum
1873 1352 2073 1412 cupidine

359 1500 391 1531 2.
417 1499 506 1533 uitae
527 1500 596 1533 eius
617 1501 650 1534 M
674 1517 711 1525 -
737 1501 768 1533 6.
794 1501 872 1533 dum
893 1501 1066 1534 Muretus:
1099 1504 1175 1534 tunc
1197 1503 1250 1542 M;
1274 1511 1350 1535 cum
1372 1503 1500 1537 Haase.
1524 1520 1568 1528 —-
1600 1503 1836 1537 ulciscerentur
1857 1505 1892 1538 Μ
1916 1521 1952 1528 -
1982 1505 2016 1538 8.
2039 1507 2078 1538 ut

294 1555 486 1589 Ferrettus:
512 1564 582 1588 om.
607 1557 641 1590 M
665 1574 700 1580 —
727 1558 779 1589 44.
804 1557 895 1598 apud
917 1565 1008 1590 corr.
1035 1557 1113 1591 ead.
1139 1566 1187 1591 m.
1213 1567 1257 1591 ex
1279 1562 1361 1600 aput
1382 1560 1428 1593 M.

295 1702 449 1735 gnomen
473 1694 609 1726 constat
631 1693 685 1726 vel
703 1703 745 1726 ex
762 1694 871 1727 Fastis
888 1694 1032 1737 Capitol.
1059 1704 1157 1728 cons.

295 1752 328 1776 a.
353 1743 429 1776 405.
464 1744 631 1786 triumph.
661 1753 692 1777 a.
719 1744 793 1777 407.
824 1744 900 1778 440.
932 1745 1007 1778 448.
1034 1762 1070 1769 -
1096 1746 1160 1778 tri-

295 1793 428 1826 bunicia
444 1794 598 1835 potestas]
632 1795 776 1836 Accepit
798 1803 878 1827 eam
903 1804 934 1827 a.
961 1794 995 1827 d.
1020 1795 1060 1827 V.
1085 1795 1158 1829 Kal.

296 1842 398 1876 Iulias
422 1851 454 1875 a.
479 1852 515 1875 u.
541 1843 634 1884 734.,
672 1845 710 1876 ut
732 1852 797 1885 per
819 1844 965 1877 XXXVI.
990 1853 1102 1878 annos
1126 1846 1162 1878 et

297 1893 385 1926 duos
409 1892 520 1926 ferme
544 1901 688 1926 menses
711 1894 870 1934 gesserit.
918 1895 981 1926 Dio
1006 1895 1065 1935 53,
1098 1895 1159 1928 32:

296 1939 321 1986 ἡ
354 1943 538 1989 γερουσία
574 1940 775 1989 δήμαρχον
813 1940 932 1976 αὐτὸν
970 1941 1032 1976 διὰ
1069 1943 1159 1984 βίου

296 1989 392 2026 εἶναι
414 1992 653 2035 ἐψηφίσατο.
676 2012 712 2017 -
737 2003 854 2026 nomen
875 1995 1087 2036 inperatoris]
1112 1995 1161 2027 Ex

297 2044 370 2076 suis
394 2043 429 2075 et
452 2042 582 2075 ducum
605 2042 871 2085 legatorumque
886 2045 1039 2076 victoriis
1059 2044 1161 2078 toties

297 2093 410 2125 dictus
434 2093 488 2125 est
509 2093 701 2134 imperator
723 2095 865 2134 antiqua
895 2094 1159 2136 significatione.

299 2160 334 2166 —
362 2142 496 2184 aliaque
517 2142 690 2184 honorum]
716 2143 766 2176 Cf.
793 2144 934 2176 Sueton.
961 2145 1079 2177 Octav.
1104 2145 1158 2177 26.

297 2194 334 2226 et
355 2193 409 2225 57.
436 2209 471 2215 —
497 2192 730 2225 necessitudine
751 2193 802 2225 rei
820 2193 983 2235 publicae]
1018 2195 1082 2227 Dio
1105 2195 1159 2234 56,

296 2241 356 2275 44:
394 2242 429 2274 εἰ
449 2239 522 2288 γάρ
545 2251 644 2283 τινες
667 2243 732 2274 καὶ
755 2241 831 2274 τῶν
854 2244 1063 2290 προτέρων,
1087 2241 1162 2276 τῶν

297 2291 337 2325 ἐν
365 2293 448 2333 τοῖς
480 2290 683 2334 ἐμφυλίοις
716 2291 809 2324 πολῖ
790 2303 899 2335 εμοις
933 2294 1160 2336 γενομένων,

297 2339 582 2385 ἐμνημόνευον,
617 2341 743 2375 ἐκεῖνα
764 2340 816 2389 τῇ
839 2340 928 2375 τῶν
957 2353 1163 2390 πραγμα-

296 2401 381 2425 των
409 2387 586 2438 ἀνάγκῃ
618 2388 855 2425 ἀνετίθεσαν.
886 2412 920 2416 -
951 2403 1018 2426 non
1049 2395 1162 2436 regno]

299 2451 343 2475 ex
371 2443 582 2475 Maecenatis
612 2442 768 2475 consilio.
815 2442 867 2476 Nil
891 2444 986 2476 enim
1018 2444 1050 2476 in
1079 2443 1163 2476 Iulio

299 2493 483 2534 tantopere
508 2491 747 2534 displicuerat,
775 2501 880 2533 quam
904 2494 990 2534 regii
1013 2494 1165 2527 nominis

300 2542 486 2575 affectatio.
518 2542 660 2574 Sueton.
678 2541 739 2575 Iul.
758 2543 811 2575 79.
844 2542 964 2575 Vellei.
989 2544 1026 2583 2,
1051 2544 1105 2576 56.
1127 2562 1163 2567 —

299 2600 404 2634 neque
417 2591 595 2634 dictatura]
620 2593 657 2624 ut
673 2591 762 2624 Sulla
776 2618 783 2632 ‚
802 2592 883 2625 dein
899 2592 1004 2626 Iulius
1021 2594 1163 2626 Caesar.

300 2643 409 2675 Dono.
445 2642 659 2674 Dictaturam
676 2643 796 2675 autem
818 2643 966 2683 funditus
987 2652 1030 2675 ex
1051 2652 1089 2676 re
1098 2652 1167 2684 pu-

301 2692 386 2724 blica
407 2691 535 2723 sustulit
556 2692 600 2724 M.
622 2692 792 2724 Antonius
810 2691 931 2725 consul
948 2702 978 2724 a.
997 2693 1071 2725 740.
1091 2694 1163 2726 Cic.

300 2740 448 2783 Philipp.
467 2741 498 2781 4,
527 2741 572 2780 4.,
598 2740 694 2782 quod
716 2743 858 2774 senatus
882 2741 1079 2775 consultum
1096 2751 1166 2775 non

303 2791 454 2832 migrare
491 2790 697 2832 prudentius
736 2790 832 2823 duxit
870 2792 1091 2824 Octavianus.
1128 2810 1163 2815 -

303 2840 463 2883 amnibus]
495 2841 688 2882 Euphrate,
722 2841 858 2881 Rheno,
885 2842 1054 2874 Danubio.
1095 2843 1167 2875 He·-

303 2891 438 2924 rodian.
459 2890 492 2929 2,
520 2891 572 2928 44,
597 2891 635 2921 5.
662 2888 843 2932 ποταμῶν
865 2900 905 2923 τε
927 2891 1079 2935 μεγέθει
1101 2892 1167 2925 καὶ

302 2938 458 2987 τάφρων
481 2935 508 2982 ἢ
531 2935 630 2995 ὀρῶν
653 2937 943 2997 προβλήμασιν,
974 2939 1104 2998 ερήμῳ
1127 2952 1168 2975 τε

302 2993 350 3038 γῇ
385 2990 450 3023 καὶ
482 2986 660 3032 δυσβάτῳ
690 2986 832 3036 ’ἑφραξε
867 2988 936 3033 τὴν
964 2987 1100 3037 ἀρχήν.
1127 3009 1164 3015 -

303 3044 422 3074 cuncta
450 3040 537 3072 inter
564 3047 597 3071 se
626 3041 765 3082 conexa]
803 3040 852 3072 Cf.
878 3043 966 3073 Ann.
994 3041 1032 3082 4,
1067 3042 1100 3074 5.
1128 3059 1164 3065 -

303 3091 479 3132 maynifico
495 3088 627 3130 ornatu]
651 3088 756 3122 Paulo
773 3091 853 3122 ante
871 3092 1020 3123 mortem
1038 3091 1166 3124 dixisse

305 3140 433 3173 fertur:
474 3135 552 3182 Τὴν
579 3134 727 3181 Ῥώμην
754 3138 889 3182 γηΐνην
922 3138 1165 3186 παραλαβών,

306 3188 454 3231 λιθίνην
471 3185 562 3231 ὑμῖν
576 3187 801 3221 καταλείπω.
826 3189 956 3228 1)ίοῦ6,
974 3190 1027 3222 30.
1054 3192 1167 3232 Opera

305 3239 445 3282 publica
469 3240 612 3272 curante
629 3241 783 3280 Augusto
807 3238 961 3280 perfecta
985 3241 1169 3272 enumerat

306 3291 446 3323 Sueton.
481 3290 555 3322 Oct.
583 3288 638 3321 29.
679 3287 730 3321 Cf.
755 3288 970 3321 Monumenti
992 3289 1169 3329 Ancyrani

305 3338 441 3371 tabulas
465 3339 626 3380 quartam
650 3340 686 3371 et
706 3339 853 3371 sextam.

350 3388 402 3421 40.
427 3388 595 3421 dicebatur
611 3388 741 3430 contra]
763 3386 908 3421 uberius
923 3387 1015 3420 hanc
1030 3388 1167 3430 partem

1212 1697 1431 1738 exsequitur;
1455 1705 1498 1729 an
1516 1697 1597 1739 quia
1610 1697 1733 1739 ipsein
1746 1699 1812 1730 ea‘?
1834 1699 1909 1731 Non
1921 1698 2074 1740 ambigo.

1210 1747 1297 1779 Lirs.
1324 1765 1361 1771 —-
1391 1748 1532 1780 concitos
1555 1757 1619 1789 per
1648 1748 1858 1790 largitionem
1890 1749 2072 1792 veteranos]

1212 1797 1284 1829 Cic.
1310 1797 1355 1829 ad
1383 1798 1452 1830 Att.
1480 1797 1539 1837 46,
1572 1797 1612 1837 8,
1643 1798 1680 1830 4ε
1721 1798 1922 1830 Octavianus
1949 1807 2077 1841 maana

1209 1846 1364 1879 molitur:
1386 1850 1558 1879 veteranos
1571 1864 1590 1871 -
1602 1865 1620 1871 -
1630 1848 1793 1888 perduxit
1814 1849 1860 1880 ad
1881 1857 1978 1881 suam
1999 1857 2077 1882 sen-

1210 1897 1363 1935 tentiam‚·
1392 1905 1452 1929 nec
1472 1897 1615 1929 mirum:
1639 1898 1820 1939 quinyenos
1842 1898 1997 1931 denarios
2018 1899 2077 1932 dat

1212 1946 1266 1987 (ex
1276 1946 1436 1979 Caesaris
1445 1946 1664 1988 hereditate).
1683 1946 1843 1987 Vellei.2,
1857 1948 1893 1980 64
1903 1973 1910 1980 .
1925 1949 2073 1991 Appian.

1210 1997 1247 2028 B.
1268 1996 1305 2028 C.
1325 1996 1357 2036 3,
1383 1996 1437 2029 40.
1465 2014 1501 2020 -
1527 1997 1569 2029 ab
1592 1997 1795 2030 adulescente
1811 1998 1958 2040 privato]
1981 1999 2074 2032 Mon.

1210 2047 1338 2087 Ancyr.
1356 2045 1441 2078 Tab.
1460 2047 1492 2078 1:
1516 2046 1627 2079 Annos
1647 2047 1851 2089 undeviginti
1865 2051 1963 2080 natus
1977 2057 2076 2081 exer-

1209 2096 1310 2128 citum
1343 2096 1478 2136 privato
1514 2097 1649 2129 consilio
1685 2100 1716 2129 et
1749 2098 1889 2138 privata
1926 2098 2075 2139 impensa

1210 2146 1423 2186 comparavi,
1444 2155 1506 2186 per
1529 2155 1625 2186 quem
1645 2155 1716 2179 rem
1735 2147 1902 2187 publicam
1925 2148 2075 2181 domina-

1211 2196 1296 2228 tione
1317 2195 1471 2237 factionis
1493 2205 1683 2237 oppressam
1704 2197 1739 2229 in
1761 2197 1943 2230 libertatem
1963 2198 2076 2230 vindi-

1211 2246 1319 2278 cavi-
1332 2263 1350 2269 -
1362 2253 1401 2284 -,·
1428 2246 1485 2285 qui
1503 2249 1679 2286 parentem
1700 2247 1865 2279 coniurati
1887 2247 2077 2280 occidissent

1212 2296 1317 2328 omnis
1348 2295 1384 2327 in
1417 2295 1554 2327 exilium
1587 2296 1721 2336 expuli,
1762 2297 1893 2329 iudiciis
1925 2297 2076 2339 legitimis

1210 2345 1310 2377 ultus.
1357 2344 1409 2378 Cf.
1434 2345 1576 2377 Sueton.
1602 2346 1719 2378 Octav.
1745 2346 1777 2379 8.
1806 2364 1840 2369 -
1867 2347 2009 2379 consulis
2029 2347 2077 2380 le-

1212 2393 1335 2436 giones]
1370 2395 1509 2427 Antonii
1533 2396 1694 2436 quartam
1727 2397 1763 2428 et
1784 2396 1954 2429 Martiam.
2003 2396 2075 2430 Cic.

1213 2444 1359 2486 Philipp.
1386 2444 1424 2484 4,
1451 2444 1470 2486 ἓ
1494 2444 1524 2477 4.
1563 2445 1708 2486 Appian.
1734 2445 1772 2478 B.
1805 2446 1844 2478 C.
1870 2446 1909 2485 3,
1945 2446 1999 2479 93.
2037 2463 2074 2470 -

1212 2494 1500 2535 Pompeianarum]
1525 2494 1580 2526 Sic
1603 2494 1662 2526 diu
1686 2496 1767 2536 post
1784 2496 1941 2538 Pompeii
1956 2496 2078 2529 interi-

1213 2545 1289 2576 tum
1321 2552 1385 2576 eae
1416 2546 1535 2586 partes
1558 2543 1794 2584 vocabantur,
1827 2553 1918 2587 quae
1948 2554 2013 2588 pro
2035 2545 2078 2578 li-

1213 2594 1350 2626 bertate
1375 2596 1496 2626 contra
1522 2595 1751 2627 Caesarianos
1780 2595 1932 2628 stabant.
1978 2596 2077 2629 Idem

1214 2644 1264 2677 sic
1288 2645 1450 2686 exprimit
1466 2645 1607 2677 Sueton.
1627 2646 1743 2678 octav.
1764 2646 1822 2678 4οε
1849 2646 1894 2678 ad
1908 2646 2079 2687 optimates

1214 2702 1246 2726 se
1279 2693 1425 2726 contulit.
1454 2711 1489 2716 -
1518 2694 1570 2726 ius
1599 2694 1777 2735 praetoris]
1813 2695 1984 2728 suadente
2018 2695 2078 2729 Ci-

1216 2752 1364 2782 cerone,
1390 2743 1434 2776 ab
1452 2744 1638 2776 Octaviano
1657 2744 1786 2776 misere
1802 2744 1971 2787 decepto,
1995 2745 2077 2778 Phi-

1214 2792 1341 2835 lippica
1357 2795 1389 2833 5,
1416 2793 1434 2835 S
1451 2793 1511 2826 46:
1537 2794 1674 2826 Senatui
1688 2794 1822 2834 placere
1837 2794 1871 2827 C.
1890 2795 2075 2835 Caesarem,

1216 2843 1280 2875 Gai
1300 2844 1424 2885 filium,
1451 2844 1655 2885 pontificem,
1688 2853 1752 2884 pro
1771 2847 1943 2884 praetore,
1977 2853 2078 2877 sena-

1215 2896 1319 2925 torem
1341 2903 1407 2926 esse
1422 2894 1676 2935 sententiamque
1691 2894 1760 2926 loco
1771 2894 1942 2933 praetorio
1957 2894 2073 2927 dicere.

1216 2943 1303 2975 Hinc
1323 2943 1358 2975 h.
1382 2942 1405 2976 l.
1429 2943 1481 2975 ius
1499 2945 1675 2984 praetoris.
1696 2960 1732 2967 —
1756 2943 1898 2975 Pansam
1919 2952 2077 2976 venenum

1214 2993 1343 3025 vulneri
1365 2993 1532 3034 adfusum]
1555 2993 1689 3026 Sinistri
1711 2992 1814 3026 huius
1836 2993 1987 3026 rumoris
2002 2994 2077 3035 pri-

1216 3051 1313 3074 mum
1357 3043 1543 3084 vestigium
1586 3043 1727 3084 repperi
1770 3042 1805 3074 in
1841 3041 2075 3076 Pseudobruti

1215 3091 1368 3134 Epistula
1392 3092 1435 3125 ad
1461 3093 1531 3125 Cic.
1558 3091 1631 3124 Lib.
1658 3093 1689 3131 4,
1715 3092 1761 3131 6.,
1793 3100 1881 3133 quas
1910 3091 2075 3134 epistulas

1215 3141 1417 3174 subditicias
1440 3142 1560 3184 primis
1576 3142 1720 3183 Augusti
1743 3140 1960 3183 temporibus
1975 3149 2076 3174 com-

1214 3192 1347 3233 positas
1378 3199 1457 3224 esse
1487 3200 1580 3223 reor.
1628 3190 1678 3223 Ibi
1709 3192 1747 3223 ut
1779 3191 1883 3223 huius
1913 3190 2075 3224 facinoris

1216 3249 1361 3282 prorsus
1385 3242 1554 3274 innocens
1577 3240 1775 3274 defenditur
1790 3239 1915 3281 Glyco,
1940 3241 2074 3273 Pansae

1218 3289 1387 3323 medicus.
1425 3291 1566 3323 Sueton.
1586 3291 1703 3323 octav.
1722 3291 1757 3322 44
1775 3299 1782 3321 :
1807 3289 1875 3322 Hoc
1890 3288 1970 3322 bello
1994 3290 2077 3329 (Mu-

1217 3340 1354 3380 tinensi)
1389 3349 1464 3372 cum
1491 3340 1619 3372 Hirtius
1649 3341 1684 3372 in
1712 3339 1798 3379 acie,
1841 3339 1949 3371 Pansa
1971 3339 2076 3380 paulo

1212 3393 1287 3430 post
1316 3398 1359 3422 ea>
1387 3390 1519 3423 vulnere
1541 3390 1719 3432 perissent,
1753 3397 1871 3422 rumor
1897 3388 2077 3423 increbruit
