2254 3770
758 291 915 338 maer.
942 292 1011 339 vt·
1058 291 1158 349 Cap.
1189 291 1257 335 25.
1286 291 1355 336 26.
1382 290 1451 335 27.
1911 288 1994 335 289

211 399 436 445 consilium
464 399 590 457 oepit.
636 398 753 458 quod
782 405 831 442 ut
859 398 1029 443 Tiberio
1058 398 1290 456 cognitum,
1323 397 1540 447 adsidere,
1572 410 1725 441 causas
1754 397 1991 455 requirere,

211 475 383 519 addere⁴
401 488 567 533 preces,
599 474 718 518 fateri
747 481 966 532 postremo
995 487 1127 532 grave
1155 474 1453 522 conscientiae,
1482 486 1614 531 grave
1643 472 1780 516 famae
1809 486 1925 522 suae,
1957 473 1992 516 si

210 550 429 611 proximus
464 550 698 594 amicorum
732 549 860 593 nullis
887 548 1096 593 moriendi
1127 549 1361 593 rationibus
1389 549 1519 592 vitam
1549 548 1726 606 fugeret.
1775 554 1995 591 aversatus

210 639 455 671 sermonem
473 627 611 670 Nerva
640 625 939 669 abstinentiam
960 625 1044 668 cibi
1064 624 1293 669 coniunxit.
1336 623 1528 668 ferebant
1556 624 1675 682 gnari
1695 623 1997 680 cogitationum

209 702 316 752 eius,
347 707 507 759 quanto
534 701 714 759 propius
744 700 855 744 mala
883 700 947 744 rei
968 699 1167 757 publicae
1188 699 1358 750 viseret,
1389 700 1452 743 ira
1473 706 1515 743 et
1531 707 1662 752 metu,
1694 698 1798 743 dum
1817 698 2029 756 integens

208 776 312 821 dum
339 777 626 834 intemptatus‚
658 776 884 820 honestum
912 774 1042 819 finem
1070 774 1273 819 voluisse.

323 852 524 897 Ceterum
551 851 808 910 Agrippinae
838 850 1065 908 pernicies,
1098 850 1216 908 quod
1244 850 1316 894 vix
1338 849 1558 902 credibile,
1586 850 1832 895 Plancinam
1859 850 1995 894 traxit.

209 934 340 986 nupta
369 927 470 972 olim
500 927 576 972 Cn.
606 926 750 971 Pisoni
781 933 824 970 et
851 926 993 984 palam
1021 925 1133 970 laeta
1160 932 1297 970 morte
1328 926 1579 976 Germanici,
1615 940 1712 971 cum
1739 927 1846 970 Piso·
1868 926 1997 971 cade-

208 1010 286 1054 ret,
316 1003 519 1061 precibus
547 1004 764 1060 Augustae
793 1016 876 1046 nec
903 1002 1044 1045 minus
1073 1001 1302 1046 inimicitiis
1329 1002 1584 1060 Agrippinae
1613 1001 1789 1046 defensa
1819 1009 1921 1046 erat.
1952 1009 2000 1045 ut

209 1078 359 1123 odium
392 1085 436 1122 et
470 1078 605 1135 gratia
641 1077 832 1126 desiere,
873 1077 940 1121 ius
976 1077 1127 1130 valuit;
1167 1077 1387 1135 petitaque
1417 1077 1664 1121 criminibus
1695 1077 1807 1121 haud
1843 1077 2048 1135 ignotisw

210 1167 290 1198 sua
317 1168 447 1197 manu
479 1167 577 1197 sera
605 1153 742 1211 magis
772 1167 903 1211 quam
930 1153 1127 1196 inmerita
1157 1152 1368 1210 supplicia
1397 1152 1613 1210 persolvit.

323 1229 405 1286 (27)
436 1230 512 1272 Tot
539 1228 724 1273 luctibus
747 1228 912 1272 funesta
932 1228 1101 1272 civitate
1130 1242 1232 1286 pars
1255 1229 1463 1272 maeroris
1482 1228 1558 1271 fuit
1576 1227 1694 1286 quod
1723 1227 1842 1281 Iulia,
1869 1228 1998 1272 Drusi

211 1304 315 1355 filia,
347 1304 566 1362 quondam
592 1304 774 1348 Neronis
802 1318 927 1354 uxor,
959 1303 1161 1362 denupsit
1189 1305 1231 1347 in
1261 1304 1438 1348 domum
1465 1304 1644 1349 Rubellii
1673 1304 1843 1356 Blandi,
1875 1305 1998 1348 cuius

212 1393 340 1424 avum
367 1380 602 1431 Tiburtem,
634 1381 822 1438 equitem
851 1381 1096 1430 Romanum,
1128 1379 1324 1438 plerique
1356 1380 1647 1424 meminerant.

323 1457 521 1500 Extremo
550 1455 650 1499 anni
678 1469 795 1499 mors
823 1454 930 1499 Aelii
960 1455 1132 1500 Lamiae
1162 1455 1311 1499 funere
1341 1456 1539 1500 censorio
1561 1455 1788 1507 celebrata,
1818 1455 1892 1513 qui
1921 1454 1997 1499 ad-
2010 1469 2048 1500 15

212 1531 516 1575 ministrandae
555 1531 706 1575 Suriae
745 1530 930 1588 imagine
967 1530 1140 1575 tandem
1169 1531 1388 1575 exsolutus
1422 1531 1520 1575 urbi
1558 1531 1812 1589 praefuerat.
1862 1544 1997 1588 genus

212 1607 271 1651 illi
296 1607 515 1657 decorum,
543 1606 689 1650 ¹vivida
707 1613 928 1658 senectus3
959 1613 1002 1650 et
1031 1620 1116 1650 non
1144 1607 1357 1664 permissa
1374 1607 1594 1665 provincia
1614 1606 1901 1665 dignationem
1922 1606 1999 1650 ad-

212 1683 392 1727 diderat.
427 1683 526 1726 exin
554 1681 706 1726 Flacco
735 1681 984 1740 Pomponio,
1015 1682 1167 1741 Syriae
1197 1696 1276 1740 pro
1298 1689 1508 1740 praetore,
1539 1683 1739 1726 defuncto
1768 1683 1999 1727 recitantur

214 1755 411 1813 Caesaris
438 1757 615 1810 litterae,
646 1758 743 1816 quis
773 1757 995 1802 incusabat
1023 1758 1243 1816 egregium
1265 1773 1483 1817 quemque
1504 1765 1546 1802 et
1573 1757 1774 1816 regendis
1804 1758 2000 1802 exerciti-

213 1833 295 1878 bus
325 1833 530 1878 idoneum
559 1834 750 1885 abnuere
779 1833 823 1877 id
854 1848 1020 1885 munus,
1053 1848 1189 1892 seque
1210 1848 1262 1879 ea
1291 1834 1607 1879 necessitudine
1631 1833 1685 1878 ad
1714 1848 1868 1892 preces
1888 1834 1996 1892 cogi,
2011 1849 2049 1879 πο

214 1922 294 1967 per
326 1923 436 1968 quas
472 1909 760 1953 consularium
797 1909 929 1967 aliqui
965 1923 1196 1968 capessere
1232 1911 1475 1968 provincias
1513 1910 1802 1968 adigerentur,
1841 1909 1996 1954 oblitus

214 1985 468 2036 Arruntium,
500 1998 554 2029 ne
576 1985 617 2027 in
638 1985 884 2043 Hispaniam
903 1992 1114 2043 pergeret,
1145 1985 1360 2030 decimum
1386 1986 1471 2029 iam
1500 2000 1655 2029 annum
1686 1986 1863 2030 attineri.
1895 1984 2000 2029 obiit

215 2061 372 2105 eodem
410 2075 522 2106 anno
552 2068 596 2105 et
629 2060 693 2104 Μ’.
721 2061 937 2119 Lepidus,
965 2060 1020 2105 de
1056 2061 1179 2105 cuius
1219 2061 1512 2106 moderatione
1549 2068 1679 2120 atque
1714 2061 1922 2120 sapientia
1956 2061 1999 2104 in

227 2200 229 2202 ·
279 2183 313 2216 2.
334 2180 411 2224 ᾖσσε
431 2182 465 2216 Μ
490 2199 526 2205 -
558 2182 592 2215 7.
612 2181 783 2223 permities
804 2191 858 2224 pr.
884 2182 936 2221 M;
964 2182 1119 2223 pernities
1141 2191 1232 2215 corr.
1258 2184 1291 2216 M
1316 2200 1352 2206 —
1383 2184 1415 2216 9.
1436 2183 1614 2224 praecibus
1635 2184 1670 2217 M
1693 2199 1730 2207 —
1759 2184 1812 2216 49.
1837 2184 2002 2217 evervinus

215 2247 309 2272 corr.
333 2238 379 2271 ab
403 2239 531 2272 eadem
552 2246 662 2271 manu
683 2238 719 2271 in
741 2238 951 2272 eoeoecitubus
972 2239 1005 2273 M
1029 2255 1065 2262 -··
1091 2239 1147 2272 20.
1171 2240 1479 2274 necessititadineM
1495 2257 1531 2263 —
1556 2240 1611 2274 23.
1628 2240 1688 2274 Μ’.
1705 2241 1861 2283 Lipsius:
1886 2241 1935 2274 Μ.
1952 2241 1998 2275 Μ’.

213 2294 303 2328 Vide
325 2294 371 2328 ad
393 2295 426 2335 3,
451 2294 505 2328 35.

215 2389 380 2429 tinuavit,
412 2390 451 2421 ut
473 2389 617 2421 Sueton.
645 2388 751 2431 Calig.
777 2389 838 2422 ⁴7:
868 2389 951 2421 duos
971 2390 1085 2422 novis-

214 2441 316 2472 simos
335 2438 528 2471 consulatus
549 2439 734 2471 coniunxit.
758 2439 867 2472 Doan.
893 2439 944 2472 Cf.
962 2438 1002 2480 4,
1020 2441 1082 2472 57.
1074 2449 1082 2456 ·

215 2497 276 2521 seoe
300 2491 418 2529 postea
447 2492 554 2520 annos
579 2489 660 2529 pari
688 2492 809 2521 secreta
832 2490 1082 2522 manmit.-

214 2536 438 2579 intemptatus]
462 2547 482 2570 a
498 2537 727 2572 delatoribus.
747 2555 784 2562 -
806 2542 913 2579 napta
930 2540 1009 2572 olim
1025 2540 1083 2573 Cn.

216 2589 326 2622 Pisoni
349 2589 433 2631 cet-J
457 2587 509 2621 Cf.
526 2589 560 2628 2,
577 2587 632 2622 43.
657 2589 700 2622 55
723 2597 803 2631 sqq.
829 2589 861 2630 3,
888 2590 929 2622 ⁴5
945 2598 1026 2632 sqq.
1046 2606 1082 2613 —-

215 2638 368 2680 precibus
386 2638 565 2680 Augustae]
590 2638 642 2671 Cf.
667 2638 700 2678 3,
726 2639 780 2671 47.

260 2689 315 2722 27.
332 2689 474 2721 Neronis
487 2688 590 2729 umor]
607 2688 808 2721 Germanici
823 2687 893 2722 filii.
913 2689 965 2722 Cf.
983 2689 1015 2729 3,
1029 2690 1085 2723 29.

217 2737 251 2778 4,
275 2739 330 2771 60.
359 2736 445 2771 Iulia
467 2739 588 2771 autem
610 2738 701 2771 haec
723 2746 743 2770 a
767 2738 953 2772 Messalina
975 2740 1087 2772 inter-

217 2788 308 2821 fecta
332 2790 387 2822 est
408 2797 440 2822 a.
463 2797 501 2821 u.
525 2789 601 2822 795.
639 2789 690 2822 Cf.
716 2788 771 2828 43,
795 2789 850 2822 32.
882 2806 916 2812 —
950 2790 1088 2822 Rubellii

216 2838 349 2881 Blandi]
373 2838 460 2871 Vide
483 2838 528 2871 ad
551 2838 584 2878 3,
608 2838 651 2872 23
675 2840 711 2872 et
725 2839 779 2871 54.
806 2839 838 2877 6,
855 2838 910 2872 45.
931 2857 967 2865 -
993 2841 1088 2873 cuias

217 2897 319 2921 avum
342 2888 517 2929 Tiburtem,
541 2889 682 2930 equitem
698 2888 749 2931 [4.]
765 2889 901 2922 Seneca
919 2890 1084 2923 Controv.

217 2946 252 2980 p.
271 2937 335 2971 434
357 2937 414 2971 ed.
431 2938 527 2980 Bip.:
551 2938 677 2971 Habuit
698 2940 802 2971 etiam
822 2939 988 2972 Blandum
1009 2941 1087 2972 rhe-

217 2992 322 3021 torem
341 2991 606 3029 praeceptorem,
633 2990 690 3030 qai
713 2997 810 3029 eques
832 2990 1000 3022 Romanas
1021 2991 1087 3023 Ro-

216 3047 294 3072 mae
313 3039 436 3071 ἀοσωόε.
466 3038 549 3072 Ante
566 3039 661 3071 iilum
681 3040 777 3072 intra
797 3039 966 3073 libertinos
984 3049 1087 3081 prae-

217 3091 364 3129 ceptores
385 3087 630 3128 putenm-imae
657 3089 852 3128 disciplinae
872 3089 1086 3122 contineban-

218 3142 286 3171 m.
311 3155 348 3162 —
372 3138 455 3171 Aelii
479 3138 637 3180 Lamiae]
668 3139 729 3171 Est
757 3140 794 3172 1..
819 3139 938 3172 Aelius
969 3140 1085 3172 Lamia

219 3196 293 3221 eos.
315 3196 350 3221 a.
374 3188 456 3226 756,
489 3186 626 3229 legatus
648 3188 769 3228 Syriae
791 3188 894 3221 annis
915 3188 1086 3221 773-786

221 3237 277 3279 (cf.
293 3238 463 3279 Borghesi
482 3237 610 3277 presidi
624 3237 711 3269 delta
726 3237 821 3270 Sim‘a
835 3246 870 3279 p.
887 3237 924 3270 24
935 3261 943 3276 ,
968 3238 1084 3270 Giorn.

219 3286 343 3320 Areae.
360 3289 387 3320 t.
404 3287 524 3328 CXII),
549 3285 595 3319 ad
619 3294 727 3327 quem
752 3289 836 3319 sunt
857 3287 989 3319 Horatii
1012 3295 1087 3320 car-

221 3337 317 3369 mina
339 3338 371 3378 4,
394 3337 438 3370 26
455 3339 492 3370 at
505 3336 538 3375 3,
556 3337 608 3369 47.
635 3335 687 3369 Cf.
706 3344 813 3378 supra
829 3336 866 3375 4,
884 3336 937 3369 43.
962 3336 1084 3370 Vellei.

221 3385 255 3425 Ξ,
274 3385 356 3419 446.
380 3386 492 3420 Aelius
504 3386 642 3426 Lama,
662 3386 717 3418 vir
738 3387 962 3427 antiquissimi
983 3389 1089 3420 moris

221 3438 254 3469 et
270 3435 418 3476 priscam
433 3437 636 3479 pravitatem
649 3443 777 3478 semper
789 3437 996 3471 hunanitate
1008 3439 1087 3471 tem-

291 3497 432 3531 TAcri-us
452 3498 480 3531 1.

1130 2398 1270 2431 perans,
1306 2390 1342 2422 in
1376 2390 1559 2422 Germania
1584 2390 1783 2431 Illyricoque
1812 2394 1843 2423 et
1862 2399 1945 2423 moa>
1964 2392 2002 2424 in

1133 2441 1249 2482 Africa
1272 2440 1377 2481 (unda
1401 2441 1471 2473 iam
1494 2449 1526 2472 a.
1551 2449 1588 2472 u.
1607 2440 1671 2472 770
1693 2441 1883 2474 revertisse
1905 2441 2002 2474 vide-

1135 2492 1207 2532 tur)
1243 2490 1513 2531 splendidissimis
1546 2490 1681 2531 mactus
1711 2491 1904 2524 ministeriis
1935 2500 2002 2523 non

1133 2542 1270 2581 merito,
1302 2542 1358 2574 sed
1383 2541 1528 2586 materia
1557 2541 1759 2582 adipiscendi
1787 2542 2003 2583 triumphalia

1135 2592 1277 2634 defectus
1284 2596 1381 2624 est.—
1397 2592 1447 2624 De
1458 2592 1574 2632 funem
1587 2591 1736 2624 censorio
1750 2590 1831 2625 vide
1848 2591 1880 2632 4,
1896 2594 1949 2625 45.
1962 2610 1998 2615 -

1133 2642 1299 2684 imayine]
1328 2643 1517 2683 Nunquam
1540 2641 1635 2674 enim
1663 2641 1879 2682 provinciam
1903 2642 2001 2675 adire

1136 2693 1168 2725 ei
1198 2691 1410 2734 permiserat
1431 2690 1610 2729 Tiberius,
1647 2690 1692 2723 de
1717 2699 1787 2732 quo
1810 2691 1902 2724 miro
1925 2693 2001 2724 eius

1136 2751 1236 2775 more
1258 2740 1340 2775 vide
1365 2742 1396 2781 4,
1421 2741 1476 2774 80.
1504 2758 1541 2764 -
1573 2739 1649 2772 urbi
1672 2741 1886 2783 praefuerat]
1918 2750 2003 2775 suc-

1136 2801 1261 2825 cessor
1287 2793 1325 2825 L.
1350 2791 1484 2825 Pisonis
1514 2791 1556 2831 (c.
1584 2790 1649 2830 40).
1686 2790 1737 2823 Cf.
1763 2792 1828 2824 Dio
1854 2792 1913 2831 58,
1939 2792 1999 2824 49ε

1135 2839 1304 2875 Λούκιον
1326 2836 1406 2873 ἄντ’
1430 2836 1550 2873 αὑτοῦ
1575 2840 1732 2895 (Pisonis)
1759 2839 1912 2883 Λαμίαν
1934 2836 2003 2873 ἄν-

1135 2889 1302 2930 escleto,
1319 2886 1366 2922 ὃν
1382 2887 1575 2947 πρόπαλαι
1589 2887 1635 2937 τῇ
1653 2889 1772 2936 Συρίᾳ
1787 2887 2003 2937 προστάξας

1135 2942 1310 2979 κατεῖχεν
1332 2939 1373 2973 ἐν
1395 2938 1442 2987 τῇ
1453 2935 1590 2986 Ρωμῃ.
1613 2957 1648 2963 -
1666 2940 1902 2981 dignationem]
1920 2948 2003 2981 qua·

1134 2992 1238 3023 tenus
1260 2989 1422 3022 homines
1445 2987 1721 3031 suspicabantur
1741 2991 1887 3031 propter
1906 2997 2003 3022 arca-

1136 3048 1199 3072 nas
1221 3038 1356 3081 aliquas
1379 3047 1521 3079 causas,
1554 3038 1661 3071 veluti
1683 3040 1830 3081 propter
1851 3040 2000 3078 metum,

1136 3099 1180 3122 ne
1203 3088 1282 3121 talis
1303 3089 1358 3122 vir
1379 3090 1525 3131 tamque
1550 3089 1670 3130 gratus
1694 3087 1861 3120 militibus
1885 3087 2003 3121 desci—

1136 3140 1252 3172 sceret
1282 3147 1301 3170 a
1331 3136 1489 3177 Tiberio,
1527 3146 1610 3171 eum
1639 3138 1674 3170 in
1703 3137 1793 3169 urbe
1824 3138 2002 3171 retentum

1136 3197 1228 3221 esse.
1250 3205 1287 3211 —
1305 3188 1424 3221 Flacco
1438 3187 1627 3229 Pomponio]
1652 3187 1806 3219 Suetonii
1820 3185 1939 3219 locum
1956 3187 2002 3220 de

1137 3247 1180 3271 eo
1197 3238 1284 3280 (Tib.
1303 3238 1356 3279 42)
1379 3239 1460 3271 vide
1485 3246 1591 3280 supra
1607 3237 1653 3269 ad
1668 3246 1700 3269 c.
1721 3237 1773 3268 44.
1799 3236 1859 3269 Est
1881 3237 1923 3275 is,
1941 3239 2002 3279 qui

1136 3287 1418 3329 quattuordecim
1441 3290 1522 3321 ante
1546 3287 1647 3319 annis
1664 3286 1815 3319 Moesiae
1835 3286 2002 3328 praefue-

1135 3338 1198 3370 rat.
1229 3337 1280 3370 Cf.
1298 3338 1334 3377 2,
1349 3338 1402 3371 66.
1421 3355 1457 3362 —-
1474 3337 1671 3370 Arruntium
1687 3335 1770 3375 cet]
1796 3335 1845 3368 Cf.
1865 3335 1951 3370 Hist.
1965 3338 1999 3376 2,

1135 3387 1194 3420 65:
1220 3387 1356 3420 Cluvius
1377 3387 1548 3420 comitatui
1564 3385 1731 3427 principis
1752 3384 1911 3426 adiectus,
1934 3394 2002 3418 non

1134 3438 1290 3479 adempta
1302 3438 1483 3479 Hispania,
1502 3443 1605 3478 quam
1618 3436 1710 3468 rexit
1725 3434 1840 3468 absens
1849 3436 2003 3477 'emeniplo

1630 3493 1686 3539 ⁴9
