2254 3770
321 321 404 366 502

798 322 844 365 P.
877 316 1125 365 CORNELII
1155 317 1326 364 TACITI
1354 314 1623 365 ANNALIUM

323 427 550 472 concilium
581 428 796 471 sociorum
825 426 1003 470 referret
1030 425 1217 483 agendas
1247 423 1362 482 apud
1387 429 1581 468 senatum
1600 424 1948 482 propraetoribus
1971 436 2105 482 prove

324 503 572 548 consulibus
603 508 761 559 grates,
795 514 878 545 neu
908 501 1005 559 quis
1035 514 1087 545 ea
1119 500 1329 559 legatione
1360 499 1616 556 fungeretur.

437 577 580 621 Isdem
603 576 849 620 consulibus
877 576 1146 635 gymnasium
1166 577 1250 619 ictu
1271 575 1454 618 fulminis
1475 573 1766 632 conflagravit,
1795 574 2045 632 effigiesque
2065 575 2107 617 in
2172 618 2175 619 .

326 667 380 697 eo
408 653 588 697 Neronis
620 651 674 695 ad
709 651 887 696 informe
918 664 992 696 aes
1023 650 1259 708 liquefacta.
1291 656 1333 694 et
1361 656 1638 694 motuterrae
1659 650 1830 695 celebre
1851 650 2108 708 Campaniae

295 727 533 786 soppidum
573 728 749 785 Pompei
792 740 945 784 magna
982 740 1035 770 ex
1075 732 1194 784 parte
1232 726 1407 784 proruit.
1468 725 1750 784 defunctaque
1782 725 1902 783 virgo
1931 725 2110 770 Vestalis

327 803 487 854 Laelia,
519 803 562 846 in
592 802 714 846 cuius
744 801 887 846 locum
916 802 1111 846 Cornelia
1141 815 1194 845 ex
1223 800 1378 845 familia
1408 801 1639 845 Cossorum
1669 807 1792 859 capta
1822 807 1898 845 est.

442 878 523 935 (23)
554 877 751 921 Memmio
781 876 943 935 Regulo
974 883 1016 921 et
1036 877 1232 934 Verginio
1264 876 1368 921 Rufo
1390 876 1635 921 consulibus
1661 883 1801 920 natam
1828 875 1908 920 sibi
1930 889 1983 920 ex
2001 877 2112 935 Pop-

329 968 437 1013 paea
466 954 596 997 filiam
623 955 736 997 Nero
765 952 875 996 ultra
904 952 1081 996 mortale
1113 952 1314 1010 gaudium
1345 952 1510 1010 accepit
1534 951 1848 1010 appellavitque
1869 954 2111 1010 Augustam,

329 1030 428 1074 dato
465 1036 506 1073 et
547 1031 774 1087 Poppaeae
813 1027 967 1072 eodem
1002 1033 1295 1085 cognomento.
1340 1027 1460 1072 locus
1492 1027 1721 1086 puerperio
1752 1027 1917 1071 colonia
1946 1027 2113 1071 Antium

279 1120 316 1150 io
329 1106 419 1157 fuit⁷
458 1105 532 1148 ubi
575 1105 668 1162 ipse
707 1111 935 1162 generatus
977 1110 1079 1148 erat.
1125 1105 1209 1146 iam
1239 1109 1411 1146 senatus
1441 1109 1610 1146 uterum
1639 1104 1866 1160 Poppaeae
1896 1115 2114 1147 commen-

329 1177 521 1226 daverat*
544 1179 609 1223 dis
639 1185 826 1237 votaque
866 1178 1036 1237 publice
1066 1185 1338 1236 susceperat;
1375 1191 1487 1236 quae
1519 1177 1792 1236 multiplicata
1821 1177 2113 1236 exsolutaque.

330 1263 373 1301 et
402 1255 572 1300 additae
603 1254 936 1312 supplicationes
967 1253 1257 1312 templumque
1287 1253 1568 1303 Fecunditati,
1602 1261 1644 1296 et
1665 1259 1877 1297 certamen
1897 1253 1952 1296 ad
1973 1266 2115 1297 exem-

330 1331 424 1390 plar
452 1331 648 1375 Actiacae
684 1329 901 1387 religionis
931 1329 1174 1379 decretum,
1211 1336 1344 1386 utque
1384 1330 1663 1372 Fortunarum
1692 1328 1854 1387 effigies
1885 1341 2043 1372 aureae
2071 1328 2114 1372 in

332 1407 440 1451 solio
471 1405 695 1464 Capitolini
726 1405 838 1448 Iovis
869 1404 1126 1456 locarentur,
1159 1404 1369 1448 ludicrum
1398 1405 1609 1455 circense,
1642 1411 1688 1448 ut
1715 1404 1848 1449 Iuliae
1868 1404 1981 1462 genti
2000 1405 2115 1463 apud

283 1482 534 1533 rsBovillas‚
576 1484 632 1524 ita
668 1480 870 1525 Claudiae
909 1480 1204 1539 Domitiaeque
1243 1479 1355 1538 apud
1396 1480 1564 1523 Antium
1602 1480 1815 1524 ederetur.
1862 1493 1975 1539 quae
2003 1479 2117 1525 fluxa

333 1559 469 1609 fuere,
512 1563 709 1615 quartum
740 1558 850 1599 intra
878 1569 1072 1599 mensem
1102 1555 1300 1599 defuncta
1331 1555 1499 1600 infante.
1545 1569 1781 1614 rursusque
1811 1563 1984 1601 exortae
2013 1555 2120 1600 adu-

332 1634 512 1678 lationes
543 1632 806 1677 censentium
836 1630 1043 1675 honorem
1073 1631 1197 1675 divae
1224 1637 1266 1675 et
1295 1630 1490 1688 pulvinar
1509 1631 1749 1689 aedemque
1770 1638 1813 1676 et
1837 1632 2118 1676 sacerdotem.

334 1716 462 1768 atque
493 1709 586 1767 ipse
615 1715 661 1751 ut
690 1708 893 1758 laetitiae,
923 1707 981 1750 ita
1007 1707 1216 1750 maeroris
1237 1706 1475 1751 inmodicus
1496 1707 1593 1765 egit.
1624 1707 1871 1751 adnotatum
1890 1714 1973 1759 est,
2004 1708 2118 1752 omni

335 1792 482 1830 senatu
517 1784 684 1828 Antium
713 1783 794 1827 sub
823 1789 1042 1827 recentem
1070 1788 1239 1839 partum
1259 1782 1407 1834 effuso,
1434 1781 1663 1826 Thraseam
1683 1782 1940 1840 prohibitum
1960 1783 2119 1828 inmoto

284 1862 476 1906 aoanimo
512 1859 809 1918 praenuntiam
848 1858 1105 1901 imminentis
1144 1858 1289 1902 caedis
1319 1857 1617 1902 contumeliam
1648 1858 1883 1916 excepisse.
1928 1865 2119 1903 secutam

336 1937 492 1982 dehinc
520 1949 673 1980 vocem
705 1934 902 1979 Caesaris
932 1934 1089 1984 ferunt,
1122 1947 1206 1991 qua
1238 1933 1558 1977 reconciliatum
1588 1947 1635 1977 se
1666 1933 1877 1977 Thraseae
1907 1933 2020 1992 apud
2042 1934 2119 1978 Se-

401 2047 433 2080 3.
458 2045 644 2088 effigiesque
666 2042 897 2077 Puteolanus:
923 2040 1178 2085 effiyiesllusque
1200 2043 1231 2075 M
1259 2060 1295 2066 —
1320 2042 1351 2075 6.
1370 2042 1448 2076 lelia
1470 2043 1503 2075 M
1520 2059 1554 2065 —-
1581 2042 1612 2077 7.
1631 2043 1762 2075 consulo
1775 2043 1807 2075 M
1826 2060 1862 2067 -—
1881 2051 2014 2084 poppoa
2027 2044 2061 2077 H
2079 2061 2115 2068 —

335 2103 368 2136 8.
386 2105 531 2144 auyusta
552 2102 585 2135 M
610 2117 645 2124 —
673 2100 704 2132 9.
723 2103 873 2141 poppeae
896 2100 929 2132 M
946 2116 981 2122 -
1008 2099 1130 2132 colinia
1150 2099 1182 2132 M
1201 2117 1235 2122 —
1264 2099 1316 2131 40.
1338 2107 1486 2140 poppeae
1501 2099 1534 2132 M
1553 2116 1588 2122 -
1608 2099 1661 2131 44.
1681 2099 1811 2144 publice
1833 2099 1865 2132 M
1883 2116 1919 2122 -
1939 2100 1991 2132 42.
2009 2099 2120 2132 addite

335 2161 369 2194 M
395 2177 431 2183 —
458 2158 512 2191 43.
537 2158 663 2190 actiaco
684 2156 741 2190 vel
763 2157 903 2189 actiecce
925 2156 959 2189 M
985 2174 1020 2180 —
1047 2155 1101 2189 44.
1126 2155 1207 2188 iobis
1230 2157 1262 2189 M
1286 2173 1321 2179 —-
1348 2156 1427 2189 iulia
1450 2157 1481 2189 M
1500 2174 1533 2180 -
1556 2157 1609 2188 45.
1625 2156 1766 2188 uobillas
1781 2157 1814 2190 M
1831 2174 1866 2179 -
1887 2156 1939 2189 46.
1958 2157 2120 2190 exortat!

339 2233 375 2240 —
403 2216 456 2249 47.
481 2215 636 2255 eamque
657 2214 690 2247 M
715 2231 750 2236 —
778 2213 831 2246 48.
849 2213 990 2246 meroris
1008 2213 1040 2246 M
1067 2231 1095 2236 -
1113 2213 1167 2245 20.
1188 2214 1404 2254 prenuntiam
1419 2213 1452 2246 M
1470 2230 1506 2236 —
1531 2213 1586 2245 2⁴.
1604 2214 1727 2245 cesaris
1741 2213 1773 2246 M
1791 2230 1826 2236 —
1845 2213 2060 2246 reconciliata
2074 2213 2118 2246 M.

336 2311 406 2343 hoc
423 2309 663 2342 Neronianum
686 2306 905 2346 consultum,
932 2307 1098 2350 quoniam
1122 2304 1206 2338 illud

336 2359 482 2401 Augusti
520 2359 600 2400 post
634 2357 728 2390 diem
772 2357 943 2399 permittit
975 2355 1204 2394 laudationes,

337 2410 405 2443 hoc
427 2409 530 2452 plane
555 2410 589 2442 et
612 2407 716 2451 plene
739 2407 835 2440 tollit.
863 2409 948 2440 Lips.
979 2425 1012 2431 -—
1037 2416 1102 2440 nea
1123 2407 1208 2447 quis]

338 2458 616 2503 provincialium.
638 2476 672 2481 -
693 2458 915 2499 gymnasium]
932 2457 976 2490 de
994 2466 1064 2499 quo
1082 2456 1135 2495 44,
1151 2455 1204 2489 47.

342 2527 378 2533 -
396 2512 489 2542 motu
511 2512 622 2541 terrae
637 2526 656 2532 -
669 2525 687 2531 -
698 2507 845 2549 proruit]
870 2508 1119 2549 Pompeiorum
1136 2506 1208 2538 rui—

339 2569 422 2594 nam
456 2559 501 2592 ad
534 2559 653 2591 Nonas
683 2557 891 2590 Februarias
922 2559 1004 2590 anni
1027 2558 1208 2599 sequentis

340 2610 458 2644 differt
473 2610 606 2642 Seneca
625 2609 665 2647 Q.
682 2609 721 2641 N.
741 2608 772 2648 6,
792 2609 805 2640 4
824 2617 830 2639 :
856 2608 1035 2649 Pompeios,
1055 2607 1210 2640 celebrem

341 2660 544 2702 Campaniae
565 2659 696 2699 urbem,
714 2677 763 2683 --
786 2659 965 2691 consedisse
987 2662 1097 2691 terrae
1118 2661 1210 2690 motu

339 2711 472 2744 veaeatis
501 2717 718 2750 quaecunque
740 2708 939 2742 adiacebant
959 2708 1148 2750 reqionibus
1161 2726 1179 2732 —
1192 2726 1208 2732 -

341 2761 548 2801 audivimus,
581 2763 612 2792 et
639 2760 770 2800 quidem
799 2759 943 2792 hibernis
965 2758 1094 2799 diebus,
1131 2767 1211 2798 quos

341 2818 466 2844 vacare
488 2819 510 2842 a
533 2810 593 2842 tali
610 2809 759 2850 periculo
780 2810 925 2842 maiores
945 2810 1050 2842 nostri
1066 2808 1213 2841 solebant

340 2861 545 2904 promittere.
579 2860 683 2892 Nonis
710 2860 904 2893 Februariis
932 2861 984 2893 hic
1012 2859 1078 2901 fuit
1105 2862 1212 2891 motas

344 2912 467 2955 Regulo
482 2914 513 2944 et
530 2911 683 2953 Verginio
699 2911 901 2950 consulibus,
921 2912 978 2952 qui
993 2911 1212 2951 Campaniam

343 2971 529 3005 numquam
549 2970 702 2995 securam
723 2962 819 2994 huius
836 2962 934 3002 mali,
959 2961 1142 2995 indemnem
1157 2964 1212 2993 ta-

344 3022 420 3047 men
440 3016 471 3046 et
493 3013 610 3046 totiens
624 3012 813 3052 defunctam
826 3014 933 3051 metu,
958 3020 1084 3053 magna
1102 3014 1214 3052 strage

345 3065 503 3098 vastavit.
536 3063 705 3097 Maiorem
728 3061 865 3095 cladem
889 3063 957 3095 hoc
973 3061 1142 3104 oppidum
1160 3069 1214 3094 se-

347 3115 463 3148 decim
486 3114 587 3147 annis
607 3114 686 3155 post
700 3113 847 3154 accepit,
873 3114 1057 3155 eruptione
1072 3111 1215 3144 Vesuvii

348 3164 477 3199 deleta.
497 3181 533 3188 —-
560 3172 604 3196 ex
625 3162 758 3205 familia
781 3162 965 3204 Cossorum]
990 3162 1040 3195 Cf.
1067 3162 1099 3202 4,
1122 3161 1164 3195 34
1180 3162 1216 3194 et

349 3216 403 3250 42.
428 3215 490 3256 44,
514 3215 568 3248 20.
598 3231 633 3237 -
659 3217 760 3254 capta
780 3212 843 3255 est}
860 3212 949 3245 Vide
973 3212 1018 3246 ad
1041 3214 1072 3253 2,
1098 3212 1151 3246 86.

394 3315 448 3348 23.
480 3314 633 3348 Memmio
656 3312 779 3355 nequeo
800 3315 831 3344 οι
855 3312 1009 3352 Verqinio
1034 3311 1134 3353 Rufo]
1165 3313 1215 3344 De

353 3364 471 3397 addita
505 3362 676 3407 particula
704 3366 734 3396 et
761 3361 842 3395 vide
870 3360 914 3394 ad
938 3360 970 3399 4,
995 3361 1048 3393 68.
1085 3361 1216 3393 Horum

354 3413 539 3447 consulum
564 3412 795 3455 praenomina
821 3410 932 3444 habes
952 3411 1060 3443 Inscr.
1084 3411 1155 3442 Lat.
1182 3420 1216 3444 n.

357 3462 461 3496 ⁴683:
496 3463 534 3496 L.
563 3462 714 3504 Veryinio
746 3461 830 3503 Raso
857 3461 893 3494 C.
917 3460 1070 3493 Memmio
1099 3460 1221 3501 Regulo

1258 2314 1321 2339 cos.
1349 2307 1405 2338 «L.
1423 2306 1608 2347 Verginius
1628 2306 1734 2340 Rufus
1758 2315 1828 2339 non
1845 2308 1900 2340 est
1913 2305 2000 2339 alius
2016 2313 2122 2349 quam

1259 2357 1317 2399 qui
1347 2357 1517 2399 deinceps
1542 2358 1748 2390 Germaniae
1777 2357 1929 2399 praefuit
1951 2357 2124 2400 superiori

1259 2403 1390 2449 quique
1424 2408 1459 2439 in
1493 2408 1596 2439 tertio
1627 2406 1810 2440 consulatu
1845 2409 2003 2440 mortuus
2033 2408 2123 2440 teste

1259 2456 1368 2491 Plinio
1392 2457 1477 2499 Epp.
1496 2457 1528 2497 2,
1548 2458 1578 2496 4,
1605 2465 1713 2498 quem
1730 2465 1810 2489 cum
1828 2457 1940 2490 Nerva
1957 2456 2000 2489 111
2017 2456 2126 2498 gessit

1260 2517 1291 2540 a.
1317 2507 1380 2540 850
1415 2508 1504 2539 teste
1540 2507 1702 2539 Frontino
1734 2507 1778 2540 de
1805 2507 1962 2548 Aquaed.
1989 2515 2020 2540 c.
2047 2506 2122 2540 ⁴02.

1260 2558 1412 2592 Secundi
1444 2557 1663 2598 consulatus,
1695 2559 1753 2600 qui
1784 2557 1967 2598 suffectus,
2003 2565 2035 2591 a.
2060 2557 2124 2591 822

1261 2610 1391 2642 mentio
1412 2609 1452 2641 H.
1472 2609 1502 2649 4,
1520 2609 1596 2641 77.»
1615 2609 1716 2641 chx.
1739 2626 1773 2632 —
1798 2608 1939 2641 mortale
1951 2607 2124 2650 qaudium]

1259 2661 1374 2699 Nove,
1400 2660 1463 2693 sed
1481 2660 1620 2701 egregie
1637 2659 1770 2692 dictum
1786 2667 1851 2701 pro
1867 2658 2005 2700 gaudio,
2029 2657 2124 2700 quod

1260 2712 1294 2744 in
1318 2711 1387 2743 vita
1411 2712 1482 2743 tam
1498 2711 1590 2743 fluxa
1608 2711 1643 2742 et
1658 2709 1791 2743 caduca
1807 2708 1991 2742 mortalem
2007 2709 2122 2742 decet.

1263 2778 1298 2784 -
1324 2760 1525 2802 Auqustam]
1560 2760 1597 2792 In
1627 2760 1780 2792 nummis
1810 2761 1864 2792 est
1894 2759 2035 2792 Claudia
2056 2759 2126 2791 Διι-

1261 2814 1359 2853 9usta
1382 2812 1416 2843 et
1439 2811 1519 2843 diva
1536 2810 1678 2843 Claudia
1699 2810 1840 2842 Neronis
1857 2810 1883 2852 f.
1908 2810 2083 2843 Akerman
2098 2809 2124 2849 1,

1262 2869 1296 2903 p.
1325 2861 1399 2893 467.
1428 2879 1463 2884 -
1489 2864 1633 2901 votaque
1653 2860 1784 2902 publico
1805 2860 1846 2903 s.]
1875 2868 2025 2902 quorum
2048 2867 2128 2892 me-

1263 2912 1373 2944 moria
1396 2913 1561 2952 superest
1583 2911 1617 2943 in
1641 2911 1734 2943 Actis
1758 2911 1812 2943 Fr.
1830 2913 1913 2944 Arv.
1937 2909 2022 2943 Tab.
2039 2909 2128 2942 xvu

1263 2962 1306 2995 b:
1338 2962 1407 2995 XII.
1435 2962 1472 2994 K.
1498 2961 1703 2994 FEBRVAR.
1731 2962 1769 2993 In
1792 2960 1999 3003 CapiTOLIO
2025 2959 2129 2994 VOTA

1264 3013 1341 3046 SOL
1350 3013 1423 3045 VTA
1441 3013 1553 3053 QVAE
1568 3012 1834 3045 SVSCEPErant
1851 3020 1916 3053 pro
1932 3011 2065 3044 PARTV
2075 3010 2134 3043 ΕΤ

1263 3062 1520 3096 INCOLVMITA
1526 3062 1576 3094 ΤΕ
1589 3062 1803 3095 ΡΟΡΡΔΕΑΕ
1815 3061 1993 3103 Augustae.
2013 3078 2049 3084 —
2066 3061 2130 3093 Fe-

1265 3111 1444 3154 cunditati]
1474 3120 1565 3153 quae
1594 3112 1633 3144 ut
1655 3111 1722 3144 dea
1745 3111 1802 3144 hic
1826 3111 2007 3144 dumtaxat
2028 3117 2130 3143 com-

1266 3164 1377 3204 paret.
1388 3179 1424 3185 -
1438 3162 1597 3194 Actiacae
1612 3160 1792 3203 religionis]
1807 3161 1951 3193 Sueton.
1966 3161 2052 3200 Aug.
2067 3158 2127 3192 ⁴8:

1268 3214 1403 3254 Quoque
1416 3212 1572 3245 Actiacae
1584 3212 1746 3244 victoriae
1762 3212 1924 3244 memoria
1937 3209 2132 3242 celebratior

1267 3265 1297 3295 et
1318 3263 1354 3294 in
1373 3265 1543 3303 posterum
1564 3265 1660 3301 esset,
1692 3261 1806 3293 urbem
1834 3258 2019 3300 Nicopolim
2040 3259 2131 3300 apud

1267 3313 1397 3346 Actium
1429 3313 1573 3345 condidit
1601 3313 1758 3352 ludosque
1780 3311 1850 3343 illic
1871 3309 2132 3350 quinquennales

1269 3365 1438 3396 constituit
1465 3366 1496 3396 et
1522 3363 1681 3404 ampliato
1707 3365 1812 3394 vetere
1832 3359 1992 3400 Apollinis
2013 3359 2131 3400 templo

1269 3415 1378 3447 locum
1400 3417 1604 3452 castrorum,
1635 3412 1751 3453 quibus
1772 3412 1886 3454 fuerat
1905 3419 2004 3451 usus,
2032 3417 2131 3443 oxor-

1268 3462 1386 3491 natum
1417 3457 1594 3490 navalibus
1623 3457 1737 3497 spoliis
1767 3456 1919 3496 Neptuno
1952 3463 1994 3487 ac
2025 3453 2131 3487 narei

2243 2931 2254 3128 l
