2254 3770
1927 0 1947 16 l

1840 17 1927 85 s

710 308 864 352 LIBER
893 308 981 352 XII.
1026 308 1127 366 Cap.
1160 309 1226 352 43.
1258 308 1324 352 44.
1357 307 1423 352 45.
1885 305 1967 349 353

176 417 349 461 flumme
388 417 540 460 Corma
579 429 657 473 pro
693 416 955 459 munimento
984 415 1069 466 uti,
1113 421 1155 458 et
1195 428 1456 473 quamquam
1488 428 1566 473 per
1595 413 1895 458 insectationes
1926 419 1969 455 et

175 492 344 535 nuntios
375 491 427 534 ad
458 490 669 549 proelium
700 498 945 541 vocaretur,
992 496 1166 534 nectere
1203 504 1364 542 moras,
1411 490 1530 535 locos
1560 497 1724 533 mutare
1755 496 1798 532 et
1825 489 1968 532 missis

174 566 498 625 corruptoribus
528 566 768 610 exuendam
800 566 853 609 ad
884 565 1014 610 fidem
1043 565 1189 609 hostes
1220 567 1442 610 emercari.
1484 580 1537 610 ex
1558 566 1656 624 quis
1685 567 1820 608 Izates
1841 563 1967 607 Adia—

174 643 327 694 benus,
367 656 467 685 mox
506 642 698 685 Acbarus
738 641 924 685 Arabum
955 655 1051 684 cum
1083 642 1272 685 exercitu
1305 641 1563 692 abscedunt,
1604 640 1774 685 levitate
1804 639 1965 697 gentili,

173 725 215 762 et
252 718 351 776 quia
393 717 696 775 experimentis
738 717 952 773 cognitum
990 724 1056 760 est
1094 716 1302 760 barbaros
1333 716 1459 760 malle
1491 719 1622 761 Roma
1662 723 1811 774 petere
1841 724 1999 772 regess

171 807 301 851 quam
331 793 503 836 habere.
549 799 592 835 at
622 791 891 835 Meherdates
921 791 1072 835 validis
1105 791 1271 835 auxiliis
1301 792 1508 843 nudatus,
1550 799 1793 836 ceterorum
1822 790 1968 849 prodi-

170 869 285 912 tione
322 875 544 926 suspecta,
582 867 697 925 quod
736 882 869 910 unum
908 866 1140 924 reliquum,
1185 881 1276 911 rem
1318 868 1360 909 in
1400 881 1546 911 casum
1579 868 1683 911 dare
1713 867 1968 925 proelioque

170 944 354 1001 experiri
402 943 557 986 statuit.
618 956 699 986 nec
736 942 988 986 detrectavit
1030 957 1217 1001 pugnam
1249 943 1472 994 Gotarzes,
1516 942 1745 986 deminutis
1776 942 1968 986 hostibus

170 1018 301 1064 ferox.
343 1032 690 1076 concursumque
726 1031 878 1075 magna
911 1018 1046 1062 caede
1078 1025 1120 1061 et
1149 1018 1350 1075 ambiguo
1383 1025 1557 1070 eventu,
1592 1018 1730 1062 donec
1760 1018 1967 1062 Carenem

159 1144 161 1148 χ
170 1093 405 1152 profligatis
435 1094 632 1137 obversis
663 1092 831 1150 longius
853 1100 1048 1137 evectum
1080 1093 1244 1150 integer
1264 1107 1288 1136 a
1310 1101 1431 1151 tergo
1452 1093 1606 1151 globus
1627 1093 1967 1137 circumveniret.
1982 1101 2020 1131 ⁴⁰

170 1177 259 1213 tum
288 1170 401 1212 omni
433 1182 511 1226 spe
551 1168 719 1226 perdita
748 1167 1036 1220 Meherdates,
1078 1169 1291 1226 promissa
1331 1170 1548 1220 Parracis,
1592 1169 1757 1226 paterni
1789 1168 1966 1219 clientis,

173 1251 367 1295 secutus,
401 1243 500 1287 dolo
531 1244 625 1287 eius
645 1244 829 1287 vincitur
849 1243 1116 1302 traditurque
1138 1244 1301 1288 victori.
1333 1252 1462 1302 atque
1484 1244 1554 1288 ille
1575 1258 1660 1288 non
1679 1244 1967 1302 propinquum

159 1334 314 1378 neque
343 1320 513 1363 Arsacis
543 1318 598 1362 de
629 1325 776 1376 gente,
814 1318 892 1362 sed
923 1319 1205 1377 alienigenam
1235 1326 1278 1363 et
1309 1321 1543 1364 Romanum
1574 1321 1820 1377 increpans,
1853 1319 1968 1363 auri—

171 1395 252 1438 bus
282 1394 440 1438 decisis
469 1395 614 1438 vivere
644 1394 780 1444 iubet,
821 1395 1004 1438 ostentui
1037 1394 1288 1439 clementiae
1319 1409 1425 1439 suae
1456 1402 1498 1439 et
1530 1395 1570 1438 in
1601 1410 1679 1439 nos
1710 1395 1968 1439 dehonesta-

170 1477 326 1514 mento.
367 1469 465 1513 dein
497 1469 700 1513 Gotarzes
730 1469 882 1513 morbo
904 1469 1028 1521 obiit,
1061 1471 1311 1528 accitusque
1335 1471 1375 1512 in
1400 1485 1579 1528 regnum
1600 1472 1798 1515 Vonones
1819 1471 1967 1514 Medos
1981 1478 2018 1509 45

170 1554 258 1590 tum
300 1544 567 1603 praesidens.
612 1544 726 1588 nulla
771 1545 870 1589 huic
914 1559 1120 1603 prospera
1162 1552 1235 1589 aut
1271 1545 1454 1589 adversa
1493 1547 1591 1605 quis
1632 1553 1965 1590 memoraretur:

170 1620 289 1664 brevi
320 1627 363 1664 et
392 1620 571 1678 inglorio
602 1620 782 1678 imperio
813 1619 1061 1678 perfunctus
1082 1629 1166 1673 est,
1200 1635 1359 1679 resque
1379 1621 1633 1665 Parthorum
1655 1622 1696 1665 in
1716 1621 1848 1665 filium
1874 1622 1966 1666 eius

172 1695 410 1753 Vologesen
442 1695 682 1739 translatae.

284 1771 366 1828 (45)
397 1773 448 1814 At
476 1770 738 1815 Mithridates
767 1772 1042 1830 Bosporanus
1073 1772 1241 1816 amissis
1272 1772 1428 1830 opibus
1458 1787 1613 1830 vaguS,
1646 1780 1874 1832 postquam
1895 1773 1969 1816 Di-

171 1847 306 1899 dium,
340 1846 496 1891 ducem
525 1848 780 1898 Romanum,
813 1846 1034 1905 roburque
1064 1848 1278 1891 exercitus
1309 1847 1452 1892 abisse
1483 1856 1762 1906 cognoverat,
1795 1848 2018 1893 relictosao

235 1963 267 1995 4.
293 1970 486 2003 quanquam
508 1969 600 1993 corr.
628 1962 678 1994 M:
711 1971 814 2002 quam
836 1971 889 2004 pr.
917 1962 951 1995 M
989 1979 1018 1985 -
1055 1963 1087 1995 2.
1117 1962 1261 2008 prelium
1283 1963 1316 1995 Μ
1348 1980 1384 1986 -
1417 1966 1562 1996 mutaret
1590 1972 1644 2005 pr.
1670 1964 1702 1997 M
1733 1981 1769 1986 —
1803 1964 1834 1997 3.
1859 1964 1969 1997 Izates

172 2018 451 2051 Freinshemius:
477 2021 588 2050 ezates
609 2018 654 2050 M.
681 2017 732 2051 Cf.
751 2026 781 2050 c.
801 2018 854 2051 43.
876 2036 912 2042 -
938 2018 1119 2051 adiabenus
1140 2019 1191 2051 M:
1216 2018 1383 2051 Adiabene
1408 2019 1431 2051 1.
1452 2019 1505 2052 Fr.
1525 2019 1739 2058 Gronovius;
1763 2019 1968 2053 Adiabenum

171 2074 228 2116 (cf.
255 2075 308 2114 45,
335 2073 365 2115 4)
391 2074 516 2107 Haase.
541 2092 585 2098 —
607 2073 640 2107 4.
666 2074 811 2108 abbarus
831 2077 865 2109 M
891 2092 926 2099 -
960 2076 992 2109 5.
1013 2079 1141 2117 peteres
1164 2084 1216 2117 pr.
1243 2076 1276 2109 M
1302 2093 1337 2098 —
1371 2076 1403 2108 6.
1428 2075 1562 2109 haberet
1583 2077 1615 2109 M
1640 2093 1676 2099 —
1703 2077 1735 2109 7.
1761 2086 1867 2109 unum
1886 2077 1968 2109 reli-

170 2140 274 2173 quum
295 2132 349 2164 M:
374 2140 479 2164 unum
500 2135 576 2164 erat
596 2132 763 2172 reliquam
785 2131 1009 2166 Puteolanus.
1030 2150 1066 2156 —
1090 2132 1262 2178 pretioque
1282 2133 1316 2166 M
1342 2150 1378 2156 -
1405 2133 1458 2165 40.
1484 2132 1592 2166 obusis
1614 2134 1645 2166 M
1673 2151 1709 2156 —
1736 2133 1788 2166 44.
1810 2134 1969 2173 parv-acis

169 2188 221 2221 M:
246 2187 425 2219 Parrhaeis
448 2187 563 2229 vulgo.
591 2206 628 2212 —
664 2189 718 2222 45.
742 2190 852 2222 medos
872 2190 925 2223 M:
959 2189 1065 2223 Medis
1086 2188 1153 2222 alii.
1188 2207 1225 2213 -
1257 2189 1310 2223 47.
1334 2198 1463 2231 rexque
1485 2191 1519 2223 M
1546 2207 1582 2214 -—
1615 2190 1670 2223 48.
1694 2190 1846 2232 uoloqese
1868 2191 1900 2224 M
1927 2207 1963 2214 -

171 2244 224 2277 49.
249 2244 434 2277 mitridates
456 2244 682 2286 bosphoranus
704 2245 870 2278 ommissis
890 2247 934 2280 M.

169 2343 262 2376 inter
282 2342 519 2376 Alexandrum
550 2346 586 2376 et
614 2345 759 2377 Darium
782 2346 963 2388 postremo
987 2345 1042 2378 di-

170 2391 303 2425 stabat:
328 2402 363 2425 v,
381 2393 516 2426 Arrian.
534 2393 665 2436 Exped.
684 2393 781 2427 Alex.
801 2395 832 2436 6,
852 2396 906 2428 44.
925 2395 1039 2428 Strab.

171 2442 226 2483 46,
252 2443 284 2482 4,
309 2442 328 2475 3
351 2452 386 2485 p.
411 2443 487 2475 737.
522 2442 630 2476 Multo
653 2445 798 2486 propius
823 2446 924 2477 erant
947 2445 1042 2478 Gau-

168 2492 322 2533 gamela,
354 2492 420 2525 sed
446 2494 545 2525 vicus
575 2493 604 2527 is
635 2493 714 2533 fuit,
747 2503 817 2526 non
842 2494 1039 2528 castellum.

171 2540 343 2583 Copulam
367 2542 536 2575 omissam
556 2551 636 2576 esse
653 2552 673 2575 a
691 2542 833 2576 librario
848 2544 930 2577 inde
946 2546 1043 2586 patet

171 2590 267 2633 quod
290 2591 388 2625 urbis
411 2592 489 2625 Nini
506 2591 706 2631 castellum.
732 2594 762 2626 si
784 2602 954 2635 umquam
979 2603 1042 2627 ex-

171 2641 272 2682 stitit,
298 2643 394 2674 certe
418 2651 489 2674 non
513 2642 548 2674 in
571 2640 649 2674 loco
676 2642 799 2685 proelii
821 2642 911 2676 illius
934 2644 1040 2676 situm

171 2692 258 2723 erat.
276 2690 465 2723 Castellum
477 2690 560 2723 illud
573 2700 594 2723 a
606 2691 858 2725 Macedonibus
868 2693 904 2724 in
920 2694 1040 2725 monte

170 2741 346 2773 Nicatorio
374 2741 409 2773 in
439 2742 650 2774 memoriam
673 2742 840 2775 victoriae
864 2743 1041 2784 cognomi-

170 2791 252 2823 nato
269 2790 450 2823 conditum
473 2790 580 2824 fuisse
597 2792 764 2824 coniicio:
790 2802 823 2825 v.
840 2792 966 2825 Strabo
984 2793 1036 2832 46,

170 2841 203 2880 4,
227 2840 260 2873 4.
286 2841 418 2873 Bri-ren.
447 2857 483 2864 —
508 2844 588 2873 vota
615 2842 666 2873 dis
683 2842 746 2874 loci
767 2841 808 2884 s.]
839 2843 980 2875 Curtius
1004 2842 1035 2882 3,

167 2889 205 2922 2⁴
216 2915 223 2929 ,
241 2890 301 2922 22:
325 2891 396 2931 Ipse
413 2890 631 2931 (Alexander)
646 2892 682 2923 in
695 2893 813 2934 iugum
827 2893 905 2925 editi
918 2893 1039 2924 montis

168 2940 315 2972 ascendit
335 2940 511 2980 multisque
532 2941 766 2974 collucentibus
778 2941 906 2983 facibus
923 2942 1038 2982 patrio

167 2998 260 3022 more
293 2990 494 3031 sacrificium
526 2991 576 3022 dis
614 2991 821 3031 praesidibus
852 2991 916 3023 loci
946 2992 1034 3033 fecit.

168 3039 268 3072 Idem
292 3040 324 3079 9,
350 3039 404 3079 37,
429 3040 492 3072 27:
522 3040 728 3080 praesidibus
753 3044 784 3073 et
805 3042 913 3073 maris
933 3044 964 3073 et
985 3041 1037 3073 lo·

167 3094 284 3122 cenom
305 3089 356 3122 dis
376 3090 541 3131 sacrificio
561 3090 662 3131 facto.
687 3108 731 3114 -
756 3090 941 3131 praecipua
961 3091 1038 3123 reli-

167 3139 264 3180 gione
285 3139 447 3179 Herculis]
471 3138 533 3171 ubi
557 3141 638 3171 ante
662 3141 800 3173 ceteros
824 3139 912 3172 deos
935 3148 1036 3181 prae-

168 3188 273 3231 cipue
297 3188 464 3221 Hercules
488 3187 623 3221 colitur.

213 3237 268 3271 ⁴4.
292 3237 423 3280 Corma]
447 3239 483 3271 in
507 3237 743 3276 Chelonitide,
781 3239 946 3279 Assyriae
974 3247 1034 3270 re-

170 3288 284 3329 gione.
312 3306 347 3311 —
373 3288 486 3321 Medos
511 3292 580 3320 tum
599 3287 803 3329 praesidens]
834 3287 886 3320 Cf.
913 3287 945 3326 3,
971 3287 1032 3320 39;

170 3337 350 3369 matum
380 3337 599 3378 praesidebat.
642 3338 702 3377 ⁴2,
730 3337 791 3370 29:
815 3337 1035 3370 *Pannoniam

168 3386 388 3426 praesidebat.
422 3387 550 3420 Contra
574 3388 607 3428 4,
630 3387 691 3419 58;
723 3387 885 3419 αυθνοίιηι·
903 3387 1036 3427 praesi-

172 3433 279 3468 debat.
303 3451 340 3458 —
368 3435 552 3478 Vologesen]
583 3436 738 3478 primum
764 3436 856 3469 inter
878 3437 1033 3478 quinque

242 3495 384 3529 TAmws
405 3497 432 3530 1.

1091 2345 1194 2378 huius
1226 2345 1378 2378 nominis
1401 2345 1600 2378 Arsacidas.
1632 2346 1683 2379 Cf.
1709 2346 1866 2380 visconti
1892 2347 1964 2379 Ico-

1089 2404 1186 2436 πορν.
1210 2405 1263 2436 yr.
1289 2396 1351 2435 111,
1378 2403 1412 2437 p.
1439 2395 1516 2428 440.

1133 2446 1186 2477 45.
1211 2445 1422 2478 Mithridates
1444 2446 1667 2489 Bosporanus]
1706 2448 1761 2479 Sic
1786 2448 1964 2488 cognomi-

1089 2496 1208 2534 natur,
1241 2496 1280 2527 ut
1310 2494 1544 2535 distinguatur
1573 2495 1618 2528 ab
1642 2497 1808 2528 Armenio
1833 2497 1961 2530 Mithri-

1089 2543 1190 2582 date,
1216 2543 1260 2576 de
1285 2553 1356 2585 quo
1380 2545 1434 2584 44,
1456 2544 1488 2576 8.
1515 2545 1565 2577 De
1590 2546 1794 2587 Bosporano
1818 2547 1881 2578 Dio
1906 2547 1959 2583 60

1089 2594 1127 2627 8.
1162 2591 1418 2655 Κλαξὶδιος--
1433 2587 1538 2626 ἄλλω
1569 2596 1641 2628 τινὶ
1672 2593 1885 2653 Μιθριδάτῃ
1917 2594 1960 2628 τὸ

1087 2644 1198 2687 γένος
1231 2639 1295 2676 ἀπ’
1325 2642 1472 2676 ἐκείνου
1500 2642 1570 2677 τοῦ
1602 2642 1702 2678 πάνυ
1732 2641 1863 2684 ἑχοντι
1893 2643 1960 2678 τὸν

1088 2689 1294 2750 Βόσπορον
1315 2692 1538 2751 ἐχαρίσατο
1572 2695 1638 2727 καὶ
1671 2693 1723 2738 τῶ
1758 2694 1959 2738 Πολέμωνι

1087 2740 1217 2789 χώραν
1244 2739 1328 2775 τινὰ
1353 2739 1432 2775 ἀντ’
1454 2739 1575 2776 αὐτοῦ
1604 2742 1673 2786 τῆς
1695 2743 1868 2785 Κιλικίας
1890 2741 1959 2777 ἀν-

1087 2790 1236 2825 τέδωκε.
1278 2792 1514 2825 Mithridatem
1545 2795 1709 2826 octavum
1738 2797 1842 2827 vocat
1864 2794 1958 2827 Vail—

1086 2841 1158 2875 lant
1168 2842 1511 2875 Achaemenidarum
1499 2852 1618 2884 imper.
1633 2844 1673 2883 Π,
1688 2853 1722 2885 p.
1736 2844 1812 2877 246.
1831 2846 1875 2877 Su
1880 2854 1958 2886 per-

1086 2893 1141 2924 est
1171 2892 1247 2925 eius
1277 2900 1444 2925 nummus
1467 2900 1550 2924 cum
1573 2894 1800 2935 inscriptione
1823 2893 1957 2926 ΒΑΣΙ-

1084 2940 1222 2974 ΛΕΩΣ
1243 2939 1564 2983 ΜΙΘΡΑΔΑΤΟΥ,
1589 2943 1624 2975 in
1640 2945 1740 2984 parte
1756 2952 1879 2976 aversa
1898 2953 1957 2976 ex-

1084 2991 1211 3024 hibens
1228 2992 1451 3032 pharetram,
1476 3000 1611 3032 arcum,
1637 2992 1772 3026 clavam
1798 2993 1954 3026 Herculis

1085 3042 1121 3073 et
1155 3039 1282 3082 pellem
1317 3039 1429 3073 leonis
1454 3042 1642 3081 Nemeaei,
1680 3045 1718 3075 ut
1740 3044 1775 3075 in
1799 3045 1953 3076 nummis

1083 3089 1244 3123 Archelai
1268 3090 1504 3132 Cappadocis,
1530 3092 1575 3124 ad
1599 3092 1863 3133 significandam
1887 3094 1954 3125 ori-

1083 3141 1219 3181 ginem,
1246 3148 1353 3181 quam
1376 3140 1609 3180 affectabant,
1641 3141 1685 3173 ab
1711 3141 1860 3174 Hercule
1885 3142 1952 3174 du-

1083 3192 1195 3228 ctam;
1227 3189 1346 3222 addito
1375 3192 1560 3232 praeterea
1584 3190 1752 3229 tridente.
1786 3191 1952 3232 symbolo

1083 3240 1231 3272 fortasse
1263 3238 1363 3272 urhis
1396 3241 1662 3282 Panticapaeae.
1708 3240 1758 3272 Cf.
1794 3241 1949 3275 Visconti

1081 3290 1231 3330 lconogyr.
1255 3298 1308 3331 qr.
1333 3290 1380 3329 11,
1412 3298 1446 3332 p.
1473 3290 1547 3322 455.
1592 3288 1803 3322 Continebat
1829 3293 1948 3325 autem

1082 3347 1230 3379 regnum
1260 3339 1502 3381 Bosporanum
1533 3339 1797 3372 Chersonesum
1827 3341 1950 3374 Tauri-

1084 3396 1163 3421 cam
1186 3390 1221 3421 et
1244 3388 1414 3430 quidquid
1437 3387 1645 3421 occidentali
1668 3397 1711 3421 ac
1730 3389 1948 3424 meridionali

1083 3438 1172 3480 parti
1194 3439 1386 3474 Maeoticae
1408 3437 1546 3481 paludis
1569 3438 1716 3472 adiacet.
1738 3456 1774 3463 -
1799 3440 1947 3484 Didium]

1620 3498 1674 3544 23
