2254 3770
679 304 835 350 LIBER
861 304 965 350 XIV.
1010 303 1112 363 Cap.
1143 304 1210 348 40.
1242 304 1310 348 ll.
1340 304 1408 350 ⁴2.
1858 303 1942 347 445

154 411 348 464 scientia,
389 425 476 470 qua
513 411 655 456 scelus
683 412 934 470 paravisset.
994 410 1076 468 (44)
1107 411 1319 456 adiciebat
1349 412 1524 457 crimina
1552 410 1720 469 longius
1750 410 1941 468 repetita,

155 487 273 546 quod
303 486 565 531 consortium
594 487 762 546 imperii
793 487 1094 545 iuraturasque
1114 487 1158 529 in
1178 486 1359 532 feminae
1379 488 1513 532 verba
1531 486 1770 545 praetorias
1791 485 1944 530 cohor-

154 568 220 607 tes
250 562 452 620 idemque
482 561 676 607 dedecus
705 569 879 606 senatus
909 568 952 606 et
979 561 1126 620 populi
1156 563 1437 620 speravisset,
1469 577 1520 607 ac
1543 568 1770 621 postquam
1791 560 1945 604 frustra

155 637 298 682 habita
332 637 405 690 sit,
445 637 609 682 infensa
639 637 758 681 militi
788 637 1068 695 patribusque
1098 643 1140 681 et
1168 637 1283 695 plebi
1314 637 1589 682 dissuasisset
1621 637 1869 681 donativum
1902 641 1945 679 et

155 713 418 771 congiarium
446 712 727 771 periculaque
747 713 849 756 viris
870 712 1105 756 illustribus
1125 713 1360 757 struxisset.
1391 719 1551 771 quanto
1571 726 1651 757 suo
1670 711 1819 756 labore
1844 724 1976 768 per-s

153 795 383 847 petratum,
421 802 476 832 ne
513 788 770 846 irrumperet
807 788 988 838 curiam,
1026 802 1081 832 ne
1121 788 1319 845 gentibus
1349 789 1536 832 externis
1570 801 1778 846 responsa
1809 786 1943 830 daret.

153 870 395 923 temporum
424 877 601 922 quoque
626 862 959 907 Claudianorum
988 862 1164 922 obliqua
1193 864 1471 909 insectatione
1501 870 1653 908 cuncta
1683 863 1777 907 eius
1808 861 1945 906 domi-

153 939 336 983 nationis
364 938 523 996 flagitia
551 939 595 981 in
622 945 803 983 matrem
829 938 1060 991 transtulit,
1092 939 1264 997 publica
1292 939 1458 983 fortuna
1483 939 1709 984 extinctam
1739 937 1943 982 referens.

153 1028 341 1073 namque
372 1021 414 1058 et
441 1014 708 1072 naufragium
739 1014 961 1058 narrabat:
993 1014 1111 1072 quod
1142 1014 1359 1058 fortuitum
1379 1015 1530 1066 fuisse,
1561 1014 1659 1073 quis
1679 1013 1789 1058 adeo
1811 1013 1945 1057 hebes

152 1090 414 1139 inveniretur
443 1096 489 1133 ut
518 1089 748 1134 crederet?
779 1096 852 1133 aut
880 1103 906 1133 a
936 1089 1114 1134 muliere
1144 1090 1348 1147 naufraga
1368 1089 1547 1133 missum
1571 1103 1669 1133 cum
1695 1088 1779 1133 telo
1799 1103 1943 1140 unum,
1958 1102 1996 1133 ιο

153 1167 227 1224 qui
247 1164 446 1210 cohortes
467 1172 510 1210 et
530 1165 691 1209 classes
711 1165 982 1223 imperatoris
1002 1164 1316 1223 perfringeret?
1341 1179 1445 1223 ergo
1465 1179 1551 1209 non
1571 1165 1657 1209 iam
1675 1165 1800 1215 Nero,
1823 1164 1946 1208 cuius

152 1241 377 1286 inmanitas
419 1241 608 1285 omnium
646 1246 827 1298 questus
866 1239 1069 1291 anteibat,
1116 1240 1193 1285 sed
1230 1242 1396 1285 Seneca
1425 1240 1609 1284 adverso
1637 1253 1812 1284 rumore
1842 1245 1944 1291 erat,

153 1316 273 1375 quod
311 1317 503 1360 oratione
543 1315 614 1359 tali
646 1315 959 1360 confessionem
989 1316 1245 1374 scripsisset.
1292 1316 1324 1373 (l
1335 1316 1375 1372 2)
1406 1317 1514 1359 miro
1543 1322 1686 1360 tamen
1716 1315 1956 1359 certamine>

153 1406 383 1451 procerum
409 1391 700 1436 decernuntur
727 1390 1061 1448 supplicationes
1082 1391 1196 1449 apud
1218 1391 1360 1435 omnia
1377 1391 1627 1449 pulvinaria,
1658 1397 1791 1449 utque
1812 1390 1947 1443 Quin-

154 1475 344 1526 quatrus,
366 1467 524 1525 quibus
539 1473 714 1525 apertae
735 1466 916 1510 insidiae
934 1473 1089 1518 essent,
1110 1466 1223 1510 ludis
1240 1466 1391 1510 annuis
1408 1465 1744 1518 celebrarentur3
1767 1480 1945 1510 aureum
1958 1479 1996 1509 ⁴5

153 1543 369 1587 Minervae
399 1541 674 1586 simulacrum
704 1542 747 1584 in
779 1542 898 1585 curia
929 1550 971 1585 et
994 1542 1108 1595 iuxta
1128 1541 1333 1600 principis
1353 1541 1494 1600 imago
1515 1547 1820 1595 statuerentur;
1851 1541 1946 1586 dies

153 1618 304 1662 natalis
334 1618 593 1676 Agrippinae
623 1618 733 1661 inter
761 1617 949 1661 nefastos
980 1623 1108 1661 esset.
1154 1616 1341 1661 Thrasea
1369 1619 1525 1661 Paetus
1546 1617 1715 1661 silentio
1735 1617 1804 1662 vel
1824 1617 1946 1661 brevi

153 1693 341 1738 adsensu
370 1694 539 1751 priores
569 1692 835 1753 adulationes
866 1692 1150 1737 transmittere
1178 1692 1329 1736 solitus
1359 1693 1460 1737 exiit
1483 1699 1573 1737 tum
1592 1699 1760 1745 senatu,
1792 1706 1844 1738 ac
1864 1692 1944 1745 sibi

210 1802 249 1844 ⁴2
271 1803 354 1842 quia
373 1801 569 1840 Acidalius;
595 1811 698 1843 quam
720 1800 872 1841 Urlichs;
898 1801 996 1842 quale
1018 1802 1217 1840 Wurmius3
1243 1810 1329 1844 quas
1349 1799 1565 1844 Nipperdey.
1613 1802 1669 1834 «Si
1691 1801 1776 1844 quid
1803 1802 1947 1835 mutan·

152 1857 256 1899 dum,
281 1857 401 1891 malim
425 1862 622 1899 quantum.»
646 1859 757 1891 Hm«.
785 1876 821 1881 —
853 1858 1041 1890 adiciebant
1061 1858 1095 1891 M
1119 1875 1156 1880 —
1188 1858 1220 1890 3.
1243 1858 1375 1899 frustra
1402 1858 1517 1891 habita
1537 1859 1582 1890 sit
1602 1859 1779 1891 Muretus:
1814 1857 1945 1899 frustra

152 1914 266 1947 ablata
287 1916 330 1947 sit
351 1915 404 1954 M;
428 1915 595 1956 frustrata
616 1915 659 1947 sit
680 1915 889 1953 Rhenanus;
913 1915 1044 1955 frustra
1065 1918 1181 1956 optata
1200 1915 1267 1947 sint
1288 1913 1356 1948 alii.
1386 1932 1421 1938 —
1446 1915 1479 1948 ὅ.
1497 1915 1674 1947 struxisset
1694 1914 1866 1947 Ritterus:
1890 1914 1947 1946 in-

150 1971 329 2004 struxisset
350 1971 384 2004 M
410 1989 444 1995 —
473 1971 505 2004 7.
531 1971 667 2013 obliqua
689 1971 845 2013 Lipsius:
873 1971 975 2003 oblita
996 1971 1031 2005 M
1054 1979 1098 2003 ex
1120 1971 1258 2003 ratione
1281 1971 1397 2013 prisca
1420 1970 1601 2004 scribendi
1624 1969 1742 2003 oblica.
1769 1987 1804 1992 -
1831 1969 1864 2002 8.
1878 1979 1947 2011 pu—

86 2013 98 2017 ”
147 2027 241 2068 plica
263 2028 296 2060 M
323 2045 357 2050 —
384 2027 417 2060 9.
440 2027 541 2069 fuisse
563 2027 772 2060 Rhenanus:
801 2027 915 2068 fuisset
937 2028 971 2060 M
997 2045 1032 2051 ——
1059 2028 1113 2060 40.
1138 2028 1260 2059 mutire
1281 2027 1315 2061 M
1339 2044 1375 2050 —
1400 2027 1528 2068 naufra
1551 2026 1644 2068 (add.
1663 2035 1706 2059 ex
1729 2035 1822 2059 corr.
1838 2026 1895 2068 9⁰)
1911 2027 1945 2061 M

154 2100 192 2107 —-
229 2084 282 2116 42.
307 2084 447 2116 adverso
473 2092 610 2115 rumore
643 2084 689 2115 G:
727 2084 947 2116 aduersorum
978 2083 1168 2125 (postrema
1191 2081 1325 2124 syllaba
1349 2091 1416 2125 per
1438 2082 1702 2125 compendium)
1731 2091 1868 2115 rumore
1889 2082 1943 2122 M3

150 2148 287 2172 rumore
308 2140 447 2172 adverso
469 2138 538 2172 alii.
558 2156 594 2162 —
622 2138 675 2172 44.
695 2140 940 2180 quinquatruus
961 2139 995 2173 M
1021 2158 1058 2163 —
1085 2140 1138 2172 45.
1156 2138 1380 2171 celebraretur
1399 2140 1433 2172 M
1458 2157 1495 2164 —
1521 2139 1574 2172 46.
1597 2139 1732 2173 iustaM
1758 2154 1794 2163 —
1819 2141 1947 2172 statue-

151 2198 269 2228 rentur
283 2196 335 2229 M:
360 2198 564 2228 statueretur
578 2193 646 2228 alii.
667 2212 703 2218 -
731 2195 784 2228 47.
807 2199 902 2237 petus
916 2196 950 2229 M
968 2213 1004 2220 —
1031 2195 1083 2228 48.
1101 2195 1185 2228 exiit
1198 2198 1268 2228 tum
1283 2198 1400 2228 senatu
1415 2196 1574 2238 Lipsius:
1598 2195 1882 2240 exitiumsenatui
1897 2195 1943 2229 M.

151 2289 294 2321 hostium
316 2289 531 2330 circumferre
554 2289 674 2322 bellum
694 2292 839 2322 coactus.
859 2307 895 2312 —
922 2290 1025 2322 donae

150 2339 255 2371 tivum
268 2342 299 2371 et
314 2339 535 2382 congiarium]
561 2340 611 2373 Cf.
632 2341 685 2381 42,
703 2339 757 2373 44.
777 2340 830 2373 69.
846 2339 899 2379 43,
918 2339 972 2373 34.
985 2357 1020 2363 -

149 2397 191 2421 ne
212 2390 411 2431 irrumperet
433 2391 582 2430 curiam,
606 2399 647 2423 ne
662 2408 711 2414 -—
726 2390 832 2432 daret]
856 2390 944 2422 Vide
967 2390 1022 2432 43,

150 2440 185 2473 5.
204 2457 240 2463 -
265 2450 409 2481 namque
427 2445 457 2474 et
475 2442 706 2483 naufrayium]
728 2440 901 2474 Particula
924 2450 1024 2474 nam-

150 2498 225 2531 que,
249 2490 285 2523 in
302 2499 372 2532 qua
389 2490 445 2523 vel
462 2491 599 2533 Lipsius
615 2491 730 2524 haesit
743 2492 880 2533 iamque
895 2500 1023 2533 propo-

150 2549 239 2573 nens
253 2566 261 2581 ,
285 2541 459 2582 significat
481 2549 524 2573 eo
540 2549 654 2583 usque
673 2541 914 2583 impudentiae
938 2550 1023 2583 pro-

152 2598 316 2632 gressum
340 2599 420 2624 esse
444 2592 622 2624 Neronem
639 2590 694 2623 vel
717 2592 834 2633 potius
853 2590 1022 2633 epistolae

151 2641 362 2682 scriptorem
379 2642 568 2681 Senecam,
595 2642 634 2673 ut
653 2641 810 2682 fortunae
826 2641 944 2682 populi
962 2642 1023 2674 Ro-

150 2692 244 2724 mani
276 2692 378 2733 (quae
408 2692 626 2734 frequentior
656 2693 711 2725 est
742 2691 890 2724 formula
915 2700 1022 2733 quam

147 2741 284 2782 publica
298 2742 447 2783 fortuna)
464 2742 680 2775 tribueretur
693 2741 747 2781 id,
771 2741 868 2783 quod
884 2741 1022 2783 placido

151 2791 242 2823 mari
275 2791 406 2824 mirum
438 2792 474 2824 in
503 2792 652 2825 modum
673 2791 893 2833 naufragium
916 2799 1021 2833 passa

152 2843 248 2874 esset
263 2842 464 2884 Agrippina.
489 2843 533 2875 At
556 2850 695 2875 merum
712 2841 937 2874 mendacium
953 2840 1022 2873 hoc

152 2898 232 2923 esse
256 2890 422 2924 omnibus
444 2890 536 2924 ultro
554 2891 759 2934 apparebat.
782 2909 816 2915 -
836 2891 923 2930 quod
938 2899 1021 2922 ora-

150 2940 239 2972 tione
261 2941 322 2972 tali
342 2950 372 2974 c.
397 2942 587 2984 scripsisset]
618 2941 668 2975 Cf.
695 2941 749 2981 43,
774 2940 806 2973 3.
838 2939 1021 2979 Quintilia-

151 2997 218 3022 nus
241 2989 274 3030 8,
298 2991 331 3030 5,
357 2991 415 3024 48;
447 2991 543 3024 Facit
565 2992 729 3032 quasdam
750 2990 927 3022 sententias
948 2989 1020 3021 sola

149 3040 325 3082 qradatio,
361 3041 470 3081 quatis
502 3046 549 3074 est
580 3042 723 3075 Senecae
755 3041 791 3073 in
818 3049 856 3072 eo
884 3040 1018 3080 scripto,

150 3091 239 3130 quod
270 3091 360 3123 Nero
394 3092 439 3123 ad
468 3094 619 3124 senatum
645 3092 735 3124 misit
763 3091 871 3123 occisa
898 3092 1019 3130 matre,

150 3147 227 3172 cum
247 3148 280 3173 se
298 3141 525 3181 periclitatum
545 3141 652 3173 videri
673 3141 792 3173 vellet:
821 3139 1021 3171 «Salvum

150 3197 209 3222 me
229 3198 316 3224 esse
338 3190 470 3223 adhuc
491 3199 564 3223 nee
585 3191 707 3224 credo
729 3198 803 3223 nec
823 3188 1019 3231 gaudeo.»

196 3282 250 3315 ⁴2.
276 3284 388 3316 omnia
405 3283 615 3326 pulvinaria]
638 3283 673 3316 id
697 3285 752 3318 est
773 3286 932 3319 omnium
955 3286 1022 3319 de-

153 3338 257 3365 orum
278 3333 483 3375 pulvinaria,
518 3335 558 3366 ut
587 3334 660 3366 Cic.
693 3333 792 3367 Catil.
817 3335 849 3373 3,
879 3335 932 3375 40,
957 3335 1020 3369 23:

154 3382 312 3419 quoniam
333 3384 378 3415 ad
399 3384 512 3416 omnia
530 3383 728 3424 pulvinaria
749 3385 945 3425 supplicatio
965 3386 1023 3418 de—

154 3433 247 3464 creta
267 3435 324 3465 est.
349 3433 431 3466 Erat
452 3434 557 3475 igitur
578 3433 668 3467 haec
687 3433 837 3468 formula
855 3433 1020 3476 legitima.

1074 2289 1345 2322 Decernebatur
1379 2290 1518 2330 autem,
1553 2290 1594 2322 ut
1619 2288 1856 2332 supplicatum
1879 2289 1946 2322 iret

1075 2339 1226 2381 populus
1250 2340 1296 2372 ad
1320 2340 1439 2372 omnia
1461 2340 1610 2381 templa,
1639 2340 1675 2372 in
1698 2339 1828 2381 quibus
1850 2339 1946 2372 lecti-

1073 2390 1199 2422 sternia
1221 2391 1282 2422 aut
1303 2390 1501 2422 sellisternia
1523 2389 1668 2428 fierent;
1694 2389 1946 2423 sternebantur

1074 2440 1170 2472 enim
1192 2439 1273 2473 lecti
1297 2440 1351 2472 dis
1374 2439 1549 2480 maribus,
1579 2440 1720 2473 feminis
1743 2439 1850 2473 sellae
1874 2440 1945 2473 cir-

1074 2498 1156 2522 cum
1180 2498 1260 2523 aras
1283 2489 1449 2523 carnibus
1465 2490 1690 2523 victimarum
1714 2491 1890 2530 oneratas,
1909 2491 1946 2522 et

1073 2538 1348 2580 imponebantur
1363 2539 1429 2572 illis
1444 2541 1581 2573 statuae
1594 2539 1744 2573 deorum
1760 2541 1944 2581 tamquam

1073 2591 1276 2622 cenaturae.
1294 2607 1329 2612 ——
1349 2590 1446 2632 ludis]
1463 2590 1613 2623 scenicis
1629 2592 1689 2622 aut
1705 2589 1941 2629 circensibus;

1073 2639 1204 2671 etenim
1221 2638 1432 2680 gladiatores
1451 2641 1555 2672 antea
1571 2648 1714 2681 quoque
1730 2639 1941 2672 edebantur.

1076 2707 1111 2712 —
1130 2690 1314 2732 Minervae]
1338 2691 1439 2723 cuius
1462 2691 1498 2722 in
1512 2690 1686 2723 honorem
1704 2691 1942 2732 Quinquatrus

1073 2738 1359 2771 celebrabantur.
1395 2739 1483 2772 Vide
1517 2740 1563 2772 ad
1594 2749 1625 2773 c.
1656 2740 1689 2774 4.
1722 2758 1759 2764 —
1798 2741 1942 2772 Thrasea

1073 2788 1200 2830 Paetus]
1226 2789 1277 2822 Cf.
1297 2789 1352 2827 43,
1370 2789 1423 2822 49.
1443 2807 1479 2813 -
1498 2790 1582 2822 exiit
1603 2793 1675 2823 tum
1692 2789 1820 2832 senatu]
1843 2791 1942 2822 Hanc

1072 2838 1239 2878 tandem,
1276 2837 1395 2871 multis
1429 2841 1533 2872 antea
1566 2840 1800 2878 transmissis.
1836 2840 1941 2873 nimis

1071 2889 1215 2930 impiam
1239 2888 1478 2921 adulationem
1503 2898 1586 2931 erga
1614 2890 1834 2923 matricidam
1857 2899 1942 2932 per-

1070 2939 1143 2980 peti
1173 2947 1243 2971 non
1274 2939 1388 2980 potuit
1409 2939 1575 2973 Thrasea.
1610 2940 1661 2973 Cf.
1687 2941 1741 2980 46,
1766 2941 1825 2972 24ι
1862 2941 1942 2972 olim

1069 2989 1219 3029 utrisque
1234 2989 1375 3029 offensus
1389 2992 1419 3021 et
1434 2989 1662 3022 accedentibus
1671 2990 1782 3022 causis
1791 2991 1826 3022 in
1840 2989 1943 3022 Thra·

1071 3046 1177 3078 seam,
1202 3039 1290 3079 quod
1310 3042 1460 3071 senatu
1481 3048 1675 3081 egressus
1701 3043 1777 3079 est,
1802 3048 1878 3072 cum
1901 3040 1942 3072 de

1071 3087 1257 3128 Agrippina
1270 3088 1464 3128 referretur,
1480 3092 1524 3121 ut
1537 3089 1778 3122 memoravi.
1803 3089 1867 3121 Dio
1882 3089 1919 3121 64
1930 3113 1939 3129 ,

1072 3137 1136 3169 45;
1160 3132 1183 3169 ὁ
1205 3134 1402 3179 Πούπλιος
1423 3135 1465 3171 δὲ
1480 3138 1656 3185 Θρασέας
1678 3137 1823 3179 Παῖτος
1845 3131 1941 3180 ἦλθε

1069 3184 1142 3228 μὲν
1175 3185 1214 3227 ἐς
1247 3183 1293 3219 τὸ
1327 3185 1525 3234 συνέδριον
1547 3189 1613 3221 καὶ
1643 3185 1714 3230 τῆς
1735 3185 1940 3230 ἐπιπολῆς

1071 3232 1304 3278 ἐπήκουσεν·
1329 3233 1643 3282 ἀναγνωσθείσης
1656 3235 1698 3270 δὲ
1713 3233 1834 3280 αὐτῆς
1852 3234 1940 3279 ἐξα-

1071 3286 1185 3329 νέστη
1212 3296 1254 3320 τε
1282 3282 1399 3328 εὐθὺς
1430 3287 1517 3334 πρὶν
1539 3287 1605 3320 καὶ
1628 3283 1760 3320 ὁτιοῦν
1780 3282 1940 3331 ἀποφή-

1071 3336 1216 3370 νασθαι
1235 3338 1302 3371 καὶ
1323 3335 1477 3380 ἐξῆλθε,
1502 3335 1616 3377 διότι,
1643 3333 1670 3369 οἳ
1692 3336 1764 3380 μὲν
1787 3333 1938 3381 ἤθελεν,

1072 3385 1190 3418 εἰπεῖν
1218 3383 1290 3421 οὐκ
1318 3383 1506 3430 ἠδύνατο,
1537 3383 1563 3419 ἃ
1585 3385 1627 3419 δὲ
1648 3382 1835 3429 ἠδύνατο,
1866 3384 1938 3422 οὔκ

1073 3430 1220 3477 ἢθελεν.
1254 3437 1394 3470 Irritam
1422 3437 1542 3470 autem
1571 3435 1678 3470 fuisse
1701 3436 1938 3480 indignabun-
