2254 3770
686 268 840 312 LIBER
868 268 919 313 11.
964 268 1065 327 Cap.
1095 268 1162 312 43.
1190 267 1259 312 44.
1287 268 1355 312 45.
1384 268 1452 313 46.
1879 267 1962 311 407

191 375 332 419 bebat.
389 374 472 431 (45)
500 373 628 431 igitur
665 387 750 417 non
790 373 918 417 modo
949 373 1151 418 Cherusci
1193 374 1385 433 sociique
1428 389 1598 426 eorum,
1639 380 1762 418 vetus
1789 373 1963 417 Arminii

189 450 331 499 miles,
372 462 596 507 sumpsere
626 447 803 501 bellum;
845 448 921 492 sed
953 462 977 492 e
1006 462 1138 507 regno
1168 449 1295 493 etiam
1324 449 1572 494 Marobodui
1603 449 1772 493 Suebae
1801 454 1961 506 gentes,

189 526 424 570 Semnones
453 537 504 568 ac
523 522 808 581 Langobardi,
841 523 1040 567 defecere
1069 523 1122 567 ad
1155 538 1268 568 eum.
1308 524 1464 583 quibus
1485 523 1638 568 additis
1657 523 1962 582 praepollebat,

187 600 228 643 ni
257 599 552 657 Inguiomerus
591 612 688 642 cum
724 612 853 642 manu
893 598 1108 643 clientium
1138 598 1192 642 ad
1222 599 1532 643 Maroboduum
1560 599 1837 657 perfugisset,
1878 612 1963 641 non

187 674 311 718 aliam
349 673 405 717 ob
445 687 618 718 causam
647 673 905 732 quam'quia
943 673 1081 717 fratris
1120 673 1207 717 filio
1244 674 1386 717 iuveni
1426 680 1603 731 patruus
1641 687 1774 717 senex
1808 684 1995 731 pareres

186 748 506 806 dedignabatur.
557 748 807 806 deriguntur
834 748 968 798 acies,
1008 748 1101 806 pari
1132 748 1345 807 utrimque
1374 762 1468 807 spe,
1508 762 1610 798 nec.
1649 754 1696 792 ut
1724 748 1823 792 olim
1862 754 1966 806 aput

187 824 443 874 Germanos,
475 823 594 881 vagis
625 823 866 867 incursibus
896 829 968 867 aut
996 822 1196 867 disiectas
1220 837 1299 882 per
1319 830 1531 867 catervas:
1561 823 1722 882 quippe
1742 823 1868 881 longa
1888 823 1965 866 ad-

183 913 357 943 versum
385 912 464 942 nos
484 897 629 942 militia
648 898 921 942 insueverant
941 898 1063 957 sequi
1085 899 1223 956 signa,
1255 898 1459 942 subsidiis
1478 899 1657 947 firmari.
1690 898 1801 942 dicta
1827 899 1963 956 impe-

185 980 374 1018 ratorum
396 973 605 1032 accipere.
650 987 702 1017 ac
721 979 821 1017 tunc
842 973 1052 1017 Arminius
1073 987 1187 1032 equo
1208 973 1474 1017 conlustrans
1497 980 1666 1023 cuncta,
1698 981 1744 1017 ut
1764 987 1961 1032 quosque

186 1049 390 1093 advectus
421 1055 532 1098 erat,
563 1048 844 1106 reciperatam
873 1048 1130 1098 libertatem,
1161 1048 1392 1092 trucidatas
1422 1048 1636 1106 legiones,
1667 1049 1802 1107 spolia
1824 1047 2014 1093 adhucio

186 1130 230 1168 et
258 1123 341 1167 tela
361 1123 559 1168 Romanis
589 1123 767 1181 derepta
787 1125 828 1168 in
849 1123 1045 1167 manibus
1064 1123 1295 1167 multorum
1315 1124 1571 1176 ostentabat3
1603 1130 1748 1168 contra
1769 1124 1963 1182 fugacem

185 1198 493 1242 Maroboduum
525 1198 762 1257 appellans,
795 1198 1057 1256 proeliorum
1086 1186 1319 1257 expertem,
1351 1200 1592 1258 Hercyniae
1621 1199 1795 1242 latebris
1816 1198 1963 1242 defen-

183 1288 297 1325 sum,
329 1287 380 1318 ac
400 1288 499 1318 mox
518 1287 596 1332 per
615 1273 727 1317 dona
748 1279 791 1317 et
810 1273 1042 1331 legationes
1071 1274 1274 1332 petivisse
1295 1274 1463 1325 foedus,
1494 1274 1755 1333 proditorem
1785 1275 1959 1333 patriae,

183 1349 405 1393 satellitem
436 1348 649 1399 Caesaris,
686 1348 800 1392 haud
830 1349 969 1392 minus
998 1349 1173 1393 infensis
1203 1350 1354 1393 animis
1384 1349 1694 1394 exturbandum
1723 1364 1851 1408 quam
1881 1351 1961 1394 Va-

182 1439 277 1467 rum
297 1423 545 1477 Quintilium
574 1423 872 1468 interfecerint.
924 1424 1215 1468 meminissent
1233 1425 1362 1469 modo
1383 1431 1443 1469 tot
1461 1424 1744 1483 proeliorum;
1775 1439 1958 1484 quorum
1973 1438 2009 1468 45

182 1505 337 1543 eventu
376 1505 419 1543 et
457 1499 511 1542 ad
552 1506 814 1557 postremum
850 1499 998 1543 eiectis
1027 1500 1226 1544 Romanis
1263 1500 1365 1544 satis
1395 1499 1638 1558 probatum,
1675 1514 1810 1558 penes
1840 1507 1958 1544 utros

183 1588 350 1618 summa
376 1573 476 1618 belli
505 1574 641 1618 fuerit.
701 1574 782 1631 (46)
813 1587 954 1632 neque
980 1574 1267 1619 Maroboduus
1297 1575 1491 1619 iactantia
1521 1575 1587 1618 sui
1618 1583 1689 1618 aut
1717 1575 1886 1634 probris
1916 1576 1957 1618 in

183 1648 350 1694 hostem
378 1649 633 1701 abstinebat,
666 1649 753 1694 sedv
774 1649 1090 1707 Inguiomerum
1120 1657 1289 1702 tenens,
1322 1650 1392 1694 illo
1414 1651 1456 1694 in
1476 1664 1657 1710 corpore
1678 1650 1812 1695 decus
1833 1665 1959 1694 omne

247 1802 280 1833 4.
306 1800 470 1834 cheruscis
490 1801 524 1834 M
542 1818 577 1824 —
604 1801 637 1833 6.
660 1801 870 1842 Deriyuntur
891 1801 943 1835 M:
969 1801 1164 1843 diriyuntur
1184 1801 1301 1844 vulgo.
1327 1802 1378 1835 Cf.
1396 1811 1427 1835 c.
1445 1802 1499 1835 34.
1524 1802 1561 1842 4,
1586 1801 1639 1835 40.
1666 1803 1752 1836 Hist.
1769 1802 1802 1843 4,
1820 1804 1872 1836 46.
1898 1802 1959 1836 Al-

183 1857 336 1901 schefski
362 1857 406 1890 ad
429 1858 501 1890 Liv.
524 1857 586 1897 22,
611 1857 664 1890 49.
692 1874 728 1880 -
756 1857 787 1889 ’7.
806 1857 1021 1898 pecllteruas
1041 1859 1075 1891 M
1100 1876 1135 1883 —
1168 1859 1222 1893 46.
1245 1860 1356 1892 electis
1376 1860 1408 1893 M
1431 1859 1556 1902 (eiectis
1577 1858 1714 1902 margo)
1741 1877 1777 1883 —-
1808 1859 1860 1892 48.
1892 1857 1962 1892 oviis

182 1913 320 1957 (omnes)
342 1914 375 1947 M
398 1914 502 1954 (omne
524 1913 682 1956 margo);
706 1922 801 1947 omne
822 1923 889 1947 esse
911 1913 1079 1948 Halmius.

183 2048 305 2094 ἑαυτῷ
328 2047 655 2097 Μαρκομμάνους.
693 2049 832 2094 ἐπέστη
861 2048 935 2098 γὰρ
963 2054 1046 2094 τοῖς

179 2098 402 2158 πράγμασιν
425 2094 541 2142 οὗτος
563 2098 605 2143 ἐξ
628 2098 778 2135 ἰδιώτου
801 2099 898 2144 μετὰ
916 2099 987 2145 τὴν
1002 2102 1045 2136 ἐκ

179 2147 329 2194 Ῥώμης
361 2148 565 2184 ἐπάνοδον·
603 2152 690 2192 νέος
722 2149 795 2197 γὰρ
827 2145 876 2195 ἦν
909 2151 1046 2186 ἐνθάδε

182 2201 248 2233 καὶ
271 2197 502 2259 εὐεργετεῑτο
524 2198 600 2234 ὑπὸ
622 2198 691 2234 τοῦ
714 2199 926 2243 Σεβαστοῦ,
951 2202 1046 2236 επα-

183 2247 327 2283 νελθὼν
349 2250 390 2284 δὲ
413 2248 663 2284 ἐδυνάστευσε
691 2252 758 2284 καὶ
782 2250 1045 2295 κατεκτήσατο

182 2298 278 2347 πρὸς
301 2295 359 2342 οἷς
381 2298 489 2334 εἶπον
509 2300 677 2342 Λουίους
699 2311 757 2342 τε,
791 2303 890 2346 μέγα
918 2298 1044 2344 ῗέθνος,

181 2351 248 2384 καὶ
275 2348 454 2394 Ζούμους
483 2352 549 2384 καὶ
575 2349 776 2393 Γούτωνας
805 2353 872 2385 καὶ
900 2353 1045 2397 Μουγί-

181 2399 305 2441 λωνας
323 2401 388 2434 καὶ
402 2398 581 2442 Σιβινοὺς
603 2402 669 2434 καὶ
690 2400 767 2434 τῶν
788 2400 952 2446 Σοήβων
974 2399 1045 2436 αὖ-

181 2448 256 2483 τῶν
277 2450 377 2494 μέγα
398 2446 532 2492 ἔθνος,
555 2450 769 2494 Σέμνωνας.

225 2500 278 2533 45.
304 2501 493 2543 Semnones]
526 2501 575 2534 Cf.
602 2503 719 2534 Germ.
744 2502 797 2534 39.
833 2501 987 2535 Velleius
1010 2503 1041 2542 2,

182 2550 245 2583 406
259 2559 266 2581 z
288 2551 334 2582 ad
348 2551 705 2593 quadrinyentesimum
724 2552 909 2585 miliarium
924 2562 947 2584 a
961 2553 1045 2586 Rhe-

180 2610 223 2633 no
248 2610 351 2643 usque
382 2601 427 2633 ad
453 2602 576 2644 flumen
603 2601 727 2642 Albim,
760 2603 817 2642 qui
846 2602 1046 2635 Semnonum

182 2651 552 2692 Homnundurormnque
571 2652 652 2694 fines
671 2652 898 2694 praeterfluit,
927 2654 1046 2685 Romae

179 2709 243 2733 nus
274 2710 349 2733 cum
382 2701 484 2743 siquis
513 2702 691 2742 perductus
719 2703 894 2734 exercitus.
941 2703 1046 2736 Ukert

182 2751 381 2785 Germanien
403 2759 437 2792 p.
463 2750 539 2784 244.
586 2752 695 2784 Zeuss
725 2751 777 2783 die
797 2752 979 2784 Deutschen
1006 2761 1042 2794 p.

182 2801 262 2834 43οῑ
288 2801 349 2832 das
369 2801 567 2842 anyesehene
589 2800 796 2833 Centralvolk
817 2802 875 2833 der
896 2802 1043 2834 Sweben.

185 2869 221 2874 —-
246 2850 476 2892 Langobardi]
500 2850 550 2883 Cf.
576 2852 693 2883 Germ.
711 2850 765 2884 40.
802 2851 891 2884 Ann.
910 2852 962 2891 44,
988 2852 1042 2885 47.

181 2899 302 2933 Vellei.
326 2899 348 2932 l.
379 2899 423 2932 l.:
461 2909 540 2942 qens
575 2902 675 2933 etiam
711 2901 881 2934 Germana
914 2902 1046 2943 feritate

179 2950 332 2991 ferocior.
370 2949 579 2982 Habitabant
600 2951 694 2982 iuxta
711 2950 889 2991 Chaucos,
914 2951 959 2983 ad
982 2952 1044 2984 Oc-

182 2999 360 3031 cidentem
396 2998 493 3032 Albis
535 2999 701 3033 fluminis.
753 3001 861 3033 Zeuss
896 3009 929 3042 p.
967 3002 1041 3034 444.

181 3049 286 3083 Ukert
307 3057 341 3090 p.
364 3047 439 3081 406.
467 3066 504 3072 -
528 3057 633 3081 manu
654 3049 838 3091 clientium]
863 3050 1041 3090 comitatu,

182 3098 227 3130 de
252 3106 322 3140 quo
347 3097 391 3130 cf.
416 3099 533 3130 Germ.
559 3098 612 3131 43.
642 3116 676 3121 -
700 3098 832 3140 fratris]
858 3099 1048 3140 Segimeri.

182 3147 233 3180 Cf.
258 3146 377 3180 Vellei.
404 3148 443 3187 2,
473 3147 547 3180 448.
577 3165 610 3170 -
635 3148 761 3188 iuveni]
796 3157 878 3181 nam
901 3148 1042 3181 hiennio

181 3198 261 3238 post
282 3197 375 3230 hanc
390 3205 545 3239 pugnam
561 3196 647 3229 obiit
661 3197 819 3230 XXXVII.
845 3207 956 3231 annos
979 3207 1043 3230 na-

183 3246 250 3279 tus.
276 3247 327 3279 Cf.
350 3256 381 3280 c.
400 3247 453 3280 88.
482 3265 517 3270 —
542 3247 637 3289 vagis
657 3247 858 3288 incursibus]
882 3248 1043 3281 Doeder-

182 3293 285 3328 leinio
299 3296 439 3329 videtur
454 3295 603 3336 dativus,
629 3296 714 3328 mihi
729 3295 913 3337 ablativus,
934 3306 1042 3338 quem

184 3342 321 3385 dicunt,
356 3344 556 3384 absolutus;
592 3346 697 3388 deriqi
719 3346 814 3379 enim
842 3347 957 3380 acies
981 3356 1042 3379 or-

184 3391 326 3428 dinatim
346 3395 534 3430 instructas
563 3395 608 3429 ad
629 3405 736 3439 vaqas
756 3397 967 3431 eoecursiones
988 3397 1040 3431 fa-

1095 2053 1239 2087 ciendas
1266 2053 1385 2087 dicere
1415 2054 1473 2087 vix
1505 2056 1655 2096 poterat.
1683 2073 1718 2079 —
1744 2059 1781 2088 ut
1815 2065 1959 2098 quosque

1094 2104 1249 2136 advectus
1276 2104 1364 2146 erat]
1401 2104 1451 2137 Cf.
1485 2105 1570 2137 Hist.
1602 2106 1642 2145 5,
1679 2105 1737 2138 ⁴6:
1772 2106 1959 2139 exhortatio

1094 2154 1214 2186 ducum
1245 2163 1312 2186 non
1342 2163 1434 2187 more
1466 2155 1625 2187 contionis
1658 2156 1748 2196 apud
1776 2157 1957 2197 universos,

1093 2204 1148 2236 sed
1169 2207 1206 2236 ut
1227 2213 1372 2245 quosque
1393 2213 1529 2236 suorum
1551 2205 1805 2238 advehebantur.
1830 2224 1865 2229 —
1893 2207 1958 2239 tela

1094 2254 1248 2286 Romanis
1277 2253 1427 2295 derepta]
1459 2254 1546 2287 Vide
1578 2254 1623 2287 ad
1647 2255 1763 2287 Horat.
1801 2256 1839 2289 C.
1865 2256 1897 2295 3,
1922 2258 1955 2296 5,

1095 2303 1155 2335 49:
1191 2312 1293 2336 arma
1324 2303 1543 2336 militibus„
1558 2305 1703 2345 derepta.
1737 2322 1771 2328 -
1804 2306 1957 2347 fuqacem

1092 2353 1335 2386 Maroboduum
1349 2371 1398 2378 --
1413 2354 1598 2394 Hercyniae
1619 2354 1768 2396 latebris]
1804 2356 1853 2388 De
1876 2356 1958 2388 Her-

1091 2404 1192 2444 cynia
1212 2404 1296 2436 silva
1319 2405 1355 2437 et
1377 2404 1421 2436 de
1437 2404 1652 2437 Maroboduo
1671 2406 1806 2439 satellite
1819 2407 1958 2448 Augusti

1091 2462 1125 2486 v.
1151 2462 1257 2496 supra
1291 2453 1350 2494 (ad
1376 2462 1408 2486 c.
1432 2453 1484 2495 44)
1516 2454 1695 2488 Strabonis
1728 2455 1856 2488 locum.
1902 2456 1953 2489 Cf.

1093 2503 1213 2537 Vellei.
1227 2505 1259 2545 2,
1278 2505 1359 2538 ⁴08:
1383 2508 1510 2546 gentem
1524 2507 1853 2548 Marcomannorum,
1871 2517 1957 2548 quae

1093 2554 1298 2587 Maroboduo
1327 2555 1408 2587 duce
1429 2556 1540 2588 excita
1561 2556 1687 2589 sedibus
1712 2558 1779 2589 suis
1801 2561 1900 2599 atque
1921 2559 1957 2590 in

1093 2604 1256 2636 interiora
1287 2605 1452 2646 refuyiens
1485 2606 1643 2638 incinctos
1674 2607 1841 2647 Hercynia
1871 2608 1957 2640 silva

1092 2662 1228 2695 campos
1248 2654 1418 2686 incolebat.
1445 2673 1493 2679 —-
1507 2655 1732 2688 Maroboduus
1752 2666 1869 2698 yenere
1893 2667 1956 2689 no-

1093 2703 1183 2744 bilis,
1213 2713 1352 2744 corpore
1371 2705 1585 2745 praevalen&
1618 2707 1729 2738 animo
1749 2707 1864 2747 ferox,
1888 2716 1955 2739 na-

1092 2754 1180 2785 tione
1192 2754 1301 2795 ma9is
1315 2763 1416 2794 quam
1430 2755 1561 2787 ratione
1576 2755 1757 2796 barbarus,
1779 2773 1798 2779 -
1808 2774 1828 2780 —
1841 2757 1956 2789 statuit

1093 2806 1236 2835 avocata
1253 2803 1373 2844 procul
1394 2813 1417 2835 a
1439 2805 1594 2836 Romanis
1623 2809 1717 2847 yente
1738 2815 1800 2838 sua
1822 2815 1858 2839 eo
1876 2815 1955 2846 pro-

1091 2853 1206 2893 gredi,
1245 2852 1319 2893 ubi,
1358 2862 1434 2885 cum
1466 2858 1604 2894 propter
1636 2856 1823 2895 potentiora
1855 2864 1955 2887 arma

1091 2902 1280 2944 refugisset,
1304 2911 1366 2934 sua
1378 2902 1502 2943 faceret
1512 2905 1751 2944 potentissima.
1782 2905 1956 2945 Occupatis

1091 2953 1213 2994 igitur,
1239 2961 1319 2993 quos
1338 2953 1585 2994 praedioeimus,
1611 2954 1689 2987 locis
1708 2955 1865 2997 finitimos
1886 2964 1954 2987 om-

1091 3003 1143 3034 nis
1173 3005 1232 3033 aut
1260 3001 1340 3034 bello
1370 3003 1494 3035 domuit
1523 3007 1582 3036 aut
1607 3005 1844 3036 conditionibus
1870 3005 1954 3037 iuris

1091 3052 1143 3084 sui
1164 3051 1250 3092 fecit.
1279 3069 1314 3074 -
1343 3061 1405 3093 per
1434 3053 1522 3085 dona
1551 3057 1581 3086 et
1609 3054 1784 3095 leyationes
1802 3055 1953 3094 petivisse

1090 3101 1217 3142 foedus]
1243 3100 1292 3133 Cf.
1319 3109 1350 3134 c.
1367 3102 1420 3135 26.
1445 3102 1566 3135 Vellei.
1586 3104 1618 3143 2,
1638 3104 1718 3136 409:
1744 3104 1854 3145 legati,
1873 3112 1954 3143 quos

1090 3150 1238 3188 mittebat
1259 3151 1304 3183 ad
1325 3151 1498 3192 Caesares,
1534 3153 1698 3185 interdum
1719 3156 1755 3185 ut
1775 3154 1952 3193 supplicem

1090 3200 1378 3242 commendabant,
1409 3202 1574 3234 interdum
1599 3206 1636 3234 ut
1655 3211 1718 3242 pro
1736 3203 1817 3242 pari
1839 3203 1951 3243 loque—

1091 3248 1223 3282 bantur.
1252 3267 1286 3272 —
1320 3259 1449 3283 summa
1483 3251 1572 3293 belli]
1606 3260 1755 3293 prosper
1788 3254 1948 3294 eventus,

1090 3299 1255 3338 victoria3
1281 3301 1331 3333 sic
1354 3301 1425 3333 Liv.
1451 3301 1482 3340 3,
1509 3302 1543 3333 64
1573 3302 1608 3333 et
1630 3300 1723 3333 alibi.

1133 3348 1187 3383 46.
1210 3350 1267 3382 illo
1289 3351 1325 3382 in
1341 3351 1495 3392 corpore]
1519 3351 1613 3390 vir0,
1637 3352 1772 3392 Person,
1796 3353 1834 3384 ut
1850 3352 1946 3386 Curt.

1088 3399 1121 3440 5,
1145 3398 1200 3439 35,
1225 3399 1264 3433 4:
1299 3400 1335 3432 in
1364 3400 1420 3432 illo
1448 3408 1586 3440 corpore
1615 3399 1741 3442 (Dario)
1767 3402 1876 3443 posita
1902 3406 1949 3436 est
