2254 3770
643 319 799 365 LIBER
826 319 928 364 XVI.
974 319 1075 378 Cap.
1105 319 1173 364 29.
1203 319 1270 363 30.
1300 319 1367 363 34.

119 431 269 476 famosi
298 425 531 480 carminis,'
548 428 648 487 quia
677 425 900 485 protulerit
928 426 1162 483 ingenium,
1194 433 1407 471 extorrem
1437 426 1518 484 agi.
1566 426 1648 483 (30)
1680 431 1808 483 atque
1838 426 1901 468 in-

118 506 240 551 terim
271 505 468 550 Ostorius
498 503 700 553 Sabinus,
731 502 881 546 Sorani
912 507 1147 553 accusator,
1179 502 1416 559 ingreditur
1439 501 1690 559 orditurque
1712 500 1767 543 de
1797 501 1901 543 ami-

117 582 215 627 citia
243 579 409 626 Rubelli
439 579 593 630 Plauti,
625 577 830 636 quodque
860 576 1207 634 proconsulatum
1238 577 1363 621 Asiae
1395 577 1583 621 Soranus
1612 590 1692 634 pro
1713 575 1900 620 claritate

116 657 198 701 sibi
236 655 378 715 potius
413 652 783 699 adcommodatum
826 666 955 710 quam
988 665 1040 695 ex
1074 651 1252 696 utilitate
1282 653 1496 697 communi
1528 652 1703 710 egisset,
1746 650 1899 694 alendo

114 731 350 776 seditiones
389 730 632 775 civitatium.
677 735 822 772 vetera
862 727 989 772 baec:
1027 727 1103 771 sed
1136 741 1289 772 recens
1319 735 1360 772 et
1389 742 1475 786 quo
1504 726 1738 789 discrimini
1768 726 1926 783 patris5

114 806 244 852 filiam
273 805 541 856 conectebat‚
578 803 694 863 quod
732 803 958 861 pecuniam
986 803 1121 859 magis
1151 802 1346 860 dilargita
1375 809 1503 847 esset.
1549 801 1765 847 acciderat
1794 815 1897 845 sane

113 883 271 941 pietate
301 880 505 926 Serviliae
536 878 594 936 (id
623 879 736 923 enim
756 892 911 922 nomen
934 877 1104 936 puellae
1125 877 1233 934 fuit),
1265 891 1377 936 quae
1407 878 1583 922 caritate
1613 891 1716 936 erga
1744 890 1899 934 paren-

114 964 217 1010 tem,
258 956 383 1001 simul
413 954 682 1013 inprudentia
711 953 883 1004 aetatis,
922 967 1008 997 non
1038 960 1179 997 tamen
1209 952 1312 996 aliut
1342 952 1654 997 consultaverat
1683 966 1815 1010 quam
1843 951 1898 995 de

115 1032 402 1078 incolumitate
431 1030 604 1081 domus,
636 1036 679 1073 et
704 1043 758 1073 an
781 1028 1002 1086 placabilis
1022 1030 1152 1079 Nero,
1184 1042 1238 1072 an
1259 1028 1444 1085 cognitio
1466 1035 1639 1071 senatus
1658 1027 1761 1070 nibil
1782 1034 1901 1071 atrox

114 1108 311 1153 adferret.
348 1107 473 1165 igitur
501 1105 637 1150 accita
667 1110 732 1148 est
759 1104 801 1147 in
832 1110 1046 1155 senatum,
1079 1110 1372 1161 steteruntque
1403 1103 1561 1146 diversi
1592 1110 1688 1146 ante
1717 1102 1950 1146 tribunatio

114 1182 338 1228 consulum
373 1181 546 1239 grandis
575 1194 683 1225 aevo
721 1193 898 1238 parenS,
938 1185 1085 1223 contra
1114 1178 1200 1222 fflia
1229 1179 1338 1222 intra
1367 1178 1616 1222 vicesimum
1647 1178 1797 1222 aetatis
1826 1191 1901 1221 an-

115 1273 228 1310 num,
259 1271 397 1315 nuper
425 1257 576 1300 marito
596 1256 731 1299 Annio
761 1255 952 1299 Pollione
981 1254 1025 1297 in
1052 1253 1247 1298 exsilium
1274 1253 1400 1311 pulso
1420 1253 1591 1297 viduata
1622 1253 1900 1311 desolataque

114 1348 165 1379 ac
183 1347 238 1378 ne
266 1339 428 1391 patrem
448 1332 624 1391 quidem
644 1332 824 1382 intuens,
857 1329 980 1374 cuius
1000 1343 1206 1373 onerasse
1227 1328 1419 1387 pericula
1438 1328 1674 1372 videbatur.
1707 1328 1789 1385 (34)
1811 1335 1898 1372 tum

114 1411 400 1467 interrogante
429 1413 698 1457 accusatore,
743 1420 797 1450 an
827 1404 964 1450 cultus
994 1404 1176 1455 dotales,
1209 1418 1263 1448 an
1291 1403 1530 1447 detractum
1559 1403 1713 1447 cervici
1743 1403 1900 1447 monile

114 1499 271 1530 venum
301 1483 510 1533 dedisset,
541 1496 629 1541 quo
659 1480 885 1539 pecuniam
914 1480 1119 1524 faciendis
1147 1480 1324 1538 magicis
1348 1479 1482 1523 sacris
1503 1478 1783 1531 contraheret,
1814 1479 1948 1536 pri-⁴5

114 1575 231 1604 mum
268 1564 399 1603 strata
432 1557 549 1601 humi
588 1556 803 1615 longoque
832 1555 935 1599 fletu
965 1562 1008 1599 et
1037 1555 1223 1606 silentio,
1262 1562 1360 1613 post
1389 1554 1536 1598 altaria
1565 1561 1608 1597 et
1636 1568 1754 1598 aram
1783 1568 1900 1598 com-

118 1635 260 1694 plexa,
297 1633 496 1677 «nullos»
529 1632 667 1690 inquit
698 1631 884 1689 «impios
913 1631 1031 1681 deos,
1062 1630 1199 1674 nullas
1229 1630 1492 1681 devotiones,
1523 1643 1605 1673 nec
1633 1629 1736 1674 aliut
1765 1629 1900 1674 infeli-

117 1711 240 1756 cibus
269 1709 472 1768 precibus
502 1707 695 1752 invocavi
716 1720 846 1765 quam
875 1713 922 1750 ut
950 1706 1063 1751 bunc
1082 1706 1288 1764 optimum
1318 1712 1483 1764 patrem
1511 1712 1575 1759 tu,
1607 1706 1776 1756 Caesar,
1807 1720 1897 1757 vos,

1819 320 1900 363 565

183 1807 213 1838 4.
238 1806 417 1845 carminis,
450 1804 506 1837 sed
528 1804 610 1845 quia
631 1801 819 1836 Acidalius.
847 1818 883 1826 —
915 1801 1053 1835 extorre
1077 1803 1171 1844 maai
1193 1803 1225 1836 M
1251 1819 1287 1825 —
1318 1803 1350 1834 2.
1376 1802 1525 1834 Ostorius
1546 1799 1701 1844 Lipsiusi
1726 1802 1831 1834 torius
1851 1802 1896 1834 M.

114 1862 167 1896 Cf.
193 1871 225 1895 c.
250 1862 305 1895 23.
332 1878 368 1884 —
394 1862 533 1894 sauinus
555 1861 587 1893 M
612 1878 649 1883 —
674 1859 706 1892 3.
728 1868 859 1900 procos,
885 1860 961 1901 (per
983 1859 1245 1901 compendium)
1270 1859 1302 1891 M
1329 1876 1365 1882 —
1388 1868 1452 1899 pro
1473 1858 1628 1890 claritate
1648 1858 1700 1891 M:
1721 1858 1900 1898 populari-

114 1922 182 1952 tate
202 1917 419 1960 Nipperdey.
447 1935 483 1941 —
509 1915 542 1949 4.
567 1916 702 1949 alendos
721 1916 878 1948 editiones
899 1917 933 1949 Μ
958 1934 993 1939 -
1019 1916 1052 1948 5.
1077 1918 1108 1948 et
1129 1924 1195 1955 quo
1217 1916 1286 1948 lac.
1306 1915 1520 1947 Gronovius:
1545 1917 1576 1947 et
1597 1917 1677 1955 quot
1690 1914 1742 1953 M;
1768 1917 1799 1946 et
1812 1915 1900 1954 quod

113 1974 180 2008 alii.
208 1992 243 1998 —
273 1974 305 2007 6.
329 1982 411 2020 sane
433 1974 467 2007 M
491 1991 527 1997 —
553 1973 586 2006 8.
610 1973 708 2005 etatis
729 1973 763 2006 M
789 1980 825 1996 ·—
851 1972 882 2005 9.
907 1972 1009 2005 nichil
1030 1972 1064 2006 M
1088 1989 1124 1995 -
1151 1972 1204 2004 42.
1230 1971 1347 2004 exsilio
1369 1979 1548 2013 superscr.
1565 1969 1586 2003 ὓ
1606 1970 1742 2003 litterae
1766 1980 1786 2003 o
1808 1971 1842 2004 Μ
1858 1988 1894 1993 -

114 2032 168 2065 ⁴9.
190 2028 307 2073 fideus
327 2031 373 2064 Μ.

111 2112 288 2146 crebritate
310 2111 430 2144 Latine
453 2111 524 2144 dici
539 2110 778 2143 existimantes
801 2110 838 2142 et
858 2118 924 2151 pro
940 2118 981 2143 ea

113 2163 277 2205 opinione
300 2161 523 2204 proferentes
540 2161 721 2193 Ciceronis
734 2159 844 2192 verba
860 2160 907 2192 ad
922 2160 982 2192 Fa-

1074 2109 1128 2142 30.
1141 2109 1338 2152 ingreditur]
1353 2110 1502 2150 curiam,
1515 2110 1691 2143 senatum.
1708 2109 1791 2141 Erat
1803 2109 1898 2141 enim

1030 2169 1142 2202 eques
1165 2160 1348 2193 dumtaxat
1363 2160 1663 2202 exspectabatque
1687 2159 1787 2199 foris,
1813 2159 1899 2192 dum

113 2212 185 2246 mil.
202 2213 238 2252 7,
254 2213 288 2253 2,
304 2211 342 2244 4:
366 2220 427 2244 nos
447 2211 500 2243 hic
520 2211 557 2243 in
577 2210 788 2243 multitudine
801 2213 831 2243 et
844 2210 982 2243 celebri-

113 2266 183 2296 tate
202 2262 403 2295 iudiciorum
423 2265 454 2294 et
474 2261 570 2294 novis
587 2260 710 2302 legibus
724 2261 774 2293 ita
788 2260 983 2293 distinemur

114 2315 198 2352 cet.,
233 2312 299 2346 sed
328 2312 377 2345 ibi
405 2312 576 2344 celebritas
606 2311 806 2343 iudiciorum
838 2310 983 2343 denotat

114 2362 243 2396 iudicia
277 2370 370 2404 quae
405 2370 530 2402 magna
569 2361 753 2393 hominum
786 2360 982 2402 frequentia

115 2412 354 2451 celebrantur,
379 2413 416 2444 et
436 2410 583 2453 perinde
601 2411 740 2444 Tacitus
761 2411 982 2443 celebritatem

114 2464 179 2496 loci
200 2462 318 2505 posuit
331 2461 364 2502 3,
381 2462 413 2493 9.
437 2461 656 2494 celebritatem
673 2461 749 2493 viae
770 2461 855 2493 Hist.
874 2461 907 2498 2,
925 2459 979 2493 64.

115 2513 169 2547 Ad
191 2521 276 2546 eum
290 2511 438 2544 modum
452 2511 623 2543 celebritas
641 2511 867 2552 periculorum
886 2510 981 2542 idem

115 2563 206 2597 foret
233 2571 276 2595 ac
304 2559 462 2604 pericula
494 2550 677 2593 hominum
700 2560 897 2602 frequentia
921 2568 982 2592 ce—

115 2612 267 2653 lebrata,
291 2611 328 2644 id
350 2611 447 2653 quod
469 2611 551 2643 huic
573 2610 651 2643 loco
668 2611 810 2643 minime
827 2618 983 2643 consen-

114 2664 258 2696 taneum
291 2662 359 2695 est.
396 2662 533 2693 Rirrsn.
556 2678 600 2684 -—
634 2661 768 2701 quando
800 2664 831 2693 et
861 2661 983 2693 ille--

113 2712 317 2754 concidisset]
352 2711 438 2744 Vide
462 2710 508 2743 ad
530 2710 562 2751 3,
588 2711 642 2743 67.
673 2711 741 2744 Res
764 2712 905 2743 narrata
929 2711 983 2743 est

114 2763 150 2795 in
179 2762 291 2804 quinti
318 2761 398 2794 libri
427 2762 527 2803 parte
558 2760 753 2802 deperdita.
788 2762 840 2794 De
870 2760 981 2793 verbo

114 2812 285 2845 concidere
305 2810 349 2844 cf.
367 2819 399 2844 c.
417 2811 471 2843 24.
500 2829 536 2834 -
555 2810 744 2852 protulerit]
767 2809 842 2844 scil.
865 2811 902 2842 in
924 2810 984 2842 ad-

113 2864 258 2903 spectum
279 2861 466 2903 lucemque,
490 2860 794 2902 quemadmodum
817 2860 901 2893 dixit
924 2861 983 2893 Ci-

115 2920 199 2945 cero
228 2920 264 2953 p.
288 2911 415 2944 Archia
438 2910 458 2952 5
482 2911 535 2943 42.
567 2909 618 2943 Cf.
644 2911 787 2943 Sueton.
812 2911 892 2943 Ner.
918 2910 979 2942 25:

115 2961 204 3002 quod
224 2961 262 2994 in
285 2969 327 2993 ea
350 2959 462 3001 (urbe)
485 2961 634 3001 primum
656 2963 763 2993 artem
781 2960 980 3001 protulerat.

116 3010 296 3044 Sententia
319 3011 391 3043 est:
419 3010 642 3043 «Montanum
656 3035 664 3050 ,
687 3010 748 3051 qui
770 3009 904 3052 probae
928 3010 983 3041 iu-

115 3061 243 3093 ventae
259 3067 376 3101 neque
392 3058 517 3092 famosi
533 3059 698 3092 carminis
711 3058 858 3101 (auctor)
874 3059 981 3098 esset,

117 3110 198 3152 quia
221 3107 407 3151 protulerit
428 3109 608 3150 ingenium
629 3112 736 3150 atque
760 3117 802 3141 ea
824 3117 864 3141 re
885 3109 983 3149 prin-

118 3160 235 3202 cipem
258 3158 383 3192 stolide
406 3159 580 3201 poeticam
597 3158 800 3191 facultatem
814 3158 983 3191 affectan-

118 3209 201 3243 dem
216 3208 369 3249 laeserit,
395 3210 575 3241 extorrem
589 3209 677 3250 agi.»
707 3209 827 3248 Recte,
844 3209 982 3251 opinor,

118 3260 207 3294 Roth
235 3259 282 3292 ad
309 3259 423 3301 Agric.
448 3267 484 3301 p.
509 3258 591 3291 44⁴:
628 3259 782 3291 «Durior
811 3259 984 3306 genitivus

115 3309 237 3350 famosi
257 3309 418 3342 canninis
439 3307 577 3341 mollior
593 3307 630 3340 fit
647 3317 712 3349 per
727 3309 983 3350 oppositionem

118 3358 164 3391 ad
178 3358 288 3392 verba
297 3358 425 3400 probae
438 3359 603 3398 iuventae,
621 3359 661 3390 ut
675 3357 770 3399 apud
784 3357 983 3390 Sallustium

119 3407 218 3441 Catil.
242 3409 263 3440 ὅ
287 3409 323 3441 et
344 3408 382 3440 7:
413 3408 514 3440 alieni
542 3412 714 3448 appetens,
743 3408 796 3439 sui
812 3408 982 3450 profusus,

118 3459 155 3491 et
175 3458 285 3491 laudis
306 3459 418 3499 avidi,
442 3459 604 3500 pecuniae
625 3458 809 3491 liberales.»

1030 2213 1172 2254 tempus
1195 2211 1338 2245 adesset
1360 2212 1534 2243 Soranum
1553 2210 1756 2244 accusandi.
1778 2228 1813 2233 —
1834 2218 1899 2250 pro

1030 2262 1184 2294 claritate
1209 2261 1270 2294 sibi
1295 2271 1331 2302 p.
1357 2260 1659 2302 adcommodatum]
1689 2258 1829 2298 utilem,
1856 2268 1899 2292 ex

1030 2320 1101 2353 quo
1125 2310 1270 2352 gloriam
1295 2312 1455 2352 captaret
1477 2310 1604 2343 alendo
1624 2310 1738 2352 primo
1753 2309 1899 2343 seditio-

1030 2370 1095 2394 nes
1126 2362 1335 2401 civitatium,
1372 2361 1452 2393 dein
1486 2361 1632 2394 easdem
1660 2359 1831 2393 sedando.
1860 2377 1896 2382 —

1030 2421 1116 2453 quae
1131 2430 1180 2437 --
1195 2412 1452 2454 consultaverat]
1476 2411 1635 2453 Vulgaris
1659 2411 1764 2451 ordo,
1790 2419 1898 2452 quem

1030 2463 1163 2504 sprevit
1178 2463 1328 2501 Tacitus,
1354 2463 1467 2495 esset:
1495 2470 1582 2502 quae
1600 2461 1743 2494 caritate
1757 2478 1776 2484 -
1787 2469 1899 2492 -con-

1029 2514 1233 2551 saltaverat,
1264 2521 1331 2544 non
1364 2515 1474 2544 tamen
1508 2512 1604 2544 aliud
1631 2520 1733 2552 quam
1763 2512 1831 2543 cet.
1860 2528 1895 2533 -

1029 2571 1136 2602 nuper
1149 2580 1168 2586 -
1180 2579 1199 2585 -
1211 2562 1318 2604 pulso]
1336 2562 1428 2594 inter
1443 2561 1661 2600 coniurat0s3
1679 2560 1760 2593 vide
1775 2561 1828 2600 45,
1843 2560 1896 2592 74.

1034 2629 1069 2635 -
1093 2611 1279 2653 videbatur]
1303 2611 1370 2644 sibi
1394 2612 1482 2654 ipsa.

1074 2661 1128 2693 3⁴.
1154 2661 1260 2694 cultus
1282 2662 1417 2703 dotales]
1439 2661 1547 2695 Vides
1570 2661 1652 2694 hinc
1674 2662 1758 2694 istas
1780 2668 1899 2701 mago-

1031 2719 1110 2743 rum
1119 2710 1391 2744 consultationes
1402 2714 1548 2754 propter
1558 2712 1673 2753 ipsum
1688 2710 1896 2752 periculum,

1031 2760 1127 2802 quod
1149 2760 1389 2801 incurrebant,
1414 2761 1608 2794 admodum
1627 2769 1756 2801 magno
1771 2759 1900 2792 consti-

1030 2811 1128 2843 tisse.
1151 2827 1185 2834 —
1205 2811 1333 2843 altaria
1347 2815 1377 2844 ct
1395 2811 1505 2853 aram]
1529 2811 1677 2843 Veneris
1693 2810 1898 2849 Genetricis,

1030 2861 1064 2892 in
1082 2861 1181 2894 cuius
1195 2860 1329 2903 templo
1344 2863 1488 2894 senatus
1503 2861 1713 2894 habebatur.
1736 2859 1900 2892 Similiter

1031 2909 1160 2943 Plinius
1172 2913 1300 2952 Paneg.
1317 2912 1349 2943 ⁴:
1373 2911 1504 2943 Electus
1517 2911 1604 2943 inter
1618 2919 1700 2943 aras
1714 2913 1744 2942 et
1759 2910 1896 2942 altaria.

1032 2959 1171 2999 Quintil.
1195 2960 1293 2993 Decl.
1317 2961 1369 3000 42,
1387 2961 1450 2993 26:
1475 2961 1547 2992 aris
1568 2960 1697 2993 altaria
1717 2961 1895 3000 imponere.

1031 3009 1158 3051 Vergil.
1184 3009 1256 3042 Ecl.
1280 3011 1313 3050 5,
1339 3011 1401 3043 65:
1433 3019 1474 3043 en
1497 3013 1657 3051 quattuor
1685 3018 1786 3047 aras;
1815 3009 1900 3041 Ecce

1031 3059 1116 3092 duas
1147 3059 1222 3099 tibi,
1257 3060 1408 3101 Daphni,
1439 3060 1569 3101 duoque
1601 3059 1730 3092 altaria
1761 3057 1896 3091 Phoebo.

1033 3125 1070 3133 -
1095 3110 1214 3151 impios
1236 3109 1324 3151 deos]
1355 3118 1445 3152 quos
1468 3111 1634 3143 invocare
1658 3109 1806 3151 impium
1830 3109 1896 3148 est,

1031 3161 1196 3192 externos
1219 3159 1326 3198 deos,
1358 3168 1543 3201 magorum
1566 3160 1704 3191 tantum
1726 3158 1899 3199 supersti-

1030 3210 1125 3241 tione
1148 3208 1356 3242 exsecrabili
1379 3209 1511 3249 cultos,
1537 3216 1761 3250 quorumque
1785 3206 1899 3240 cultus

1031 3258 1171 3301 publice
1186 3260 1315 3292 vetitus
1331 3261 1418 3292 erat.
1432 3277 1476 3284 —-
1487 3259 1598 3291 nullas
1609 3257 1803 3299 devotiones]
1820 3253 1898 3290 ἀπὸ

1031 3307 1165 3342 κοινοῦ
1181 3308 1418 3352 supplendum
1433 3311 1620 3349 imprecata
1633 3317 1717 3340 sum.
1735 3308 1840 3340 Bscn.
1853 3325 1899 3331 —

1031 3362 1084 3399 tu,
1109 3358 1247 3400 Caesar]
1269 3359 1433 3392 Similiter
1449 3359 1582 3391 Caesar
1596 3357 1727 3390 absens
1742 3356 1899 3400 appella-

1032 3410 1089 3441 tur
1110 3417 1217 3451 supra
1240 3409 1273 3449 6,
1298 3409 1330 3442 8.
1358 3426 1395 3432 —
1425 3409 1597 3450 dignitatis
1626 3407 1789 3449 insignia]
1820 3415 1899 3440 ma-

1032 3457 1186 3492 tronalis.
1211 3458 1360 3492 Additur
1382 3459 1502 3491 autem
1523 3466 1589 3500 per
1603 3458 1817 3500 epexegesin
1831 3465 1897 3501 pro
