<?xml version="1.0" encoding="UTF-8"?>
<!DOCTYPE html PUBLIC "-//W3C//DTD XHTML 1.0 Transitional//EN"
    "http://www.w3.org/TR/xhtml1/DTD/xhtml1-transitional.dtd">
<html xmlns="http://www.w3.org/1999/xhtml" xml:lang="en" lang="en">
 <head>
  <title>
</title>
<meta http-equiv="Content-Type" content="text/html;charset=utf-8" />
  <meta name='ocr-system' content='tesseract 3.04.00' />
  <meta name='ocr-capabilities' content='ocr_page ocr_carea ocr_par ocr_line ocrx_word'/>
</head>
<body>
  <div class='ocr_page' id='page_1' title='image "./pcorneliitacitio01taciuoft_0105.png"; bbox 0 0 2254 3770; ppageno 0'>
   <div class='ocr_carea' id='block_1_1' title="bbox 762 311 1420 371">
    <p class='ocr_par' dir='ltr' id='par_1_1' title="bbox 762 311 1420 371">
     <span class='ocr_line' id='line_1_1' title="bbox 762 311 1420 371; baseline -0.002 -12"><span class='ocrx_word' id='word_1_1' title='bbox 762 314 919 359; x_wconf 88' lang='lat' dir='ltr'>LIBER</span> <span class='ocrx_word' id='word_1_2' title='bbox 947 315 977 357; x_wconf 97' lang='lat' dir='ltr'>I.</span> <span class='ocrx_word' id='word_1_3' title='bbox 1023 314 1125 371; x_wconf 89' lang='lat' dir='ltr'>Cap.</span> <span class='ocrx_word' id='word_1_4' title='bbox 1155 312 1223 356; x_wconf 92' lang='lat'>77.</span> <span class='ocrx_word' id='word_1_5' title='bbox 1253 312 1320 356; x_wconf 91' lang='lat'>78.</span> <span class='ocrx_word' id='word_1_6' title='bbox 1351 311 1420 358; x_wconf 87' lang='grc'>79.</span> 
     </span>
    </p>
   </div>
   <div class='ocr_carea' id='block_1_2' title="bbox 1934 311 1988 355">
    <p class='ocr_par' dir='ltr' id='par_1_2' title="bbox 1934 311 1988 355">
     <span class='ocr_line' id='line_1_2' title="bbox 1934 311 1988 355; baseline 0 0"><span class='ocrx_word' id='word_1_7' title='bbox 1934 311 1988 355; x_wconf 90' lang='grc'>67</span> 
     </span>
    </p>
   </div>
   <div class='ocr_carea' id='block_1_3' title="bbox 198 417 2040 1464">
    <p class='ocr_par' dir='ltr' id='par_1_3' title="bbox 198 417 1989 709">
     <span class='ocr_line' id='line_1_3' title="bbox 200 417 1989 483; baseline -0.007 -10"><span class='ocrx_word' id='word_1_8' title='bbox 200 429 403 477; x_wconf 88' lang='lat' dir='ltr'>stitutam,</span> <span class='ocrx_word' id='word_1_9' title='bbox 435 425 696 483; x_wconf 82' lang='lat' dir='ltr'>deprecante</span> <span class='ocrx_word' id='word_1_10' title='bbox 725 421 904 480; x_wconf 86' lang='lat' dir='ltr'>populo,</span> <span class='ocrx_word' id='word_1_11' title='bbox 936 420 1069 465; x_wconf 84' lang='lat' dir='ltr'>edixit</span> <span class='ocrx_word' id='word_1_12' title='bbox 1089 419 1282 463; x_wconf 89' lang='lat' dir='ltr'>Tiberius</span> <span class='ocrx_word' id='word_1_13' title='bbox 1310 419 1491 464; x_wconf 91' lang='lat' dir='ltr'>militare</span> <span class='ocrx_word' id='word_1_14' title='bbox 1521 419 1735 463; x_wconf 87' lang='lat' dir='ltr'>aerarium</span> <span class='ocrx_word' id='word_1_15' title='bbox 1764 432 1818 462; x_wconf 91' lang='lat' dir='ltr'>eo</span> <span class='ocrx_word' id='word_1_16' title='bbox 1848 417 1989 462; x_wconf 89' lang='lat' dir='ltr'>subsi-</span> 
     </span>
     <span class='ocr_line' id='line_1_4' title="bbox 200 494 1987 557; baseline -0.005 -11"><span class='ocrx_word' id='word_1_17' title='bbox 200 504 272 550; x_wconf 89' lang='lat' dir='ltr'>dio</span> <span class='ocrx_word' id='word_1_18' title='bbox 300 502 392 555; x_wconf 89' lang='lat' dir='ltr'>niti,</span> <span class='ocrx_word' id='word_1_19' title='bbox 424 499 549 544; x_wconf 91' lang='lat' dir='ltr'>simul</span> <span class='ocrx_word' id='word_1_20' title='bbox 577 499 784 557; x_wconf 90' lang='lat' dir='ltr'>imparem</span> <span class='ocrx_word' id='word_1_21' title='bbox 813 497 933 541; x_wconf 90' lang='lat' dir='ltr'>oneri</span> <span class='ocrx_word' id='word_1_22' title='bbox 963 510 1056 540; x_wconf 89' lang='lat' dir='ltr'>rem</span> <span class='ocrx_word' id='word_1_23' title='bbox 1084 494 1320 554; x_wconf 87' lang='lat' dir='ltr'>publicam,</span> <span class='ocrx_word' id='word_1_24' title='bbox 1353 496 1433 539; x_wconf 90' lang='lat' dir='ltr'>nisi</span> <span class='ocrx_word' id='word_1_25' title='bbox 1455 495 1661 540; x_wconf 88' lang='lat' dir='ltr'>vicesimo</span> <span class='ocrx_word' id='word_1_26' title='bbox 1682 494 1855 539; x_wconf 91' lang='lat' dir='ltr'>militiae</span> <span class='ocrx_word' id='word_1_27' title='bbox 1876 508 1987 538; x_wconf 92' lang='lat' dir='ltr'>anno</span> 
     </span>
     <span class='ocr_line' id='line_1_5' title="bbox 198 570 1987 630; baseline -0.004 -8"><span class='ocrx_word' id='word_1_28' title='bbox 198 577 386 623; x_wconf 88' lang='lat' dir='ltr'>veterani</span> <span class='ocrx_word' id='word_1_29' title='bbox 424 576 748 620; x_wconf 86' lang='lat' dir='ltr'>dimitterentur.</span> <span class='ocrx_word' id='word_1_30' title='bbox 799 574 858 617; x_wconf 91' lang='lat' dir='ltr'>ita</span> <span class='ocrx_word' id='word_1_31' title='bbox 895 572 1114 630; x_wconf 83' lang='lat' dir='ltr'>proximae</span> <span class='ocrx_word' id='word_1_32' title='bbox 1155 571 1378 615; x_wconf 88' lang='lat' dir='ltr'>seditionis</span> <span class='ocrx_word' id='word_1_33' title='bbox 1418 570 1529 615; x_wconf 91' lang='lat' dir='ltr'>male</span> <span class='ocrx_word' id='word_1_34' title='bbox 1570 571 1783 623; x_wconf 90' lang='lat' dir='ltr'>consulta,</span> <span class='ocrx_word' id='word_1_35' title='bbox 1829 571 1987 628; x_wconf 89' lang='lat' dir='ltr'>quibus</span> 
     </span>
     <span class='ocr_line' id='line_1_6' title="bbox 199 646 1762 709; baseline -0.005 -11"><span class='ocrx_word' id='word_1_36' title='bbox 199 653 389 706; x_wconf 88' lang='lat' dir='ltr'>sedecim</span> <span class='ocrx_word' id='word_1_37' title='bbox 421 650 732 709; x_wconf 88' lang='lat' dir='ltr'>stipendiorum</span> <span class='ocrx_word' id='word_1_38' title='bbox 759 648 889 692; x_wconf 90' lang='lat' dir='ltr'>finem</span> <span class='ocrx_word' id='word_1_39' title='bbox 918 653 1237 706; x_wconf 85' lang='lat' dir='ltr'>expresserant.</span> <span class='ocrx_word' id='word_1_40' title='bbox 1270 646 1427 690; x_wconf 89' lang='lat' dir='ltr'>abolita</span> <span class='ocrx_word' id='word_1_41' title='bbox 1457 647 1500 690; x_wconf 93' lang='lat' dir='ltr'>in</span> <span class='ocrx_word' id='word_1_42' title='bbox 1528 654 1762 705; x_wconf 90' lang='lat' dir='ltr'>posterum.</span> 
     </span>
    </p>

    <p class='ocr_par' dir='ltr' id='par_1_4' title="bbox 198 722 2040 1464">
     <span class='ocr_line' id='line_1_7' title="bbox 311 722 2018 785; baseline -0.005 -14"><span class='ocrx_word' id='word_1_43' title='bbox 311 728 393 785; x_wconf 86' lang='lat'><strong>(79)</strong></span> <span class='ocrx_word' id='word_1_44' title='bbox 423 729 574 771; x_wconf 84' lang='lat' dir='ltr'>Actum</span> <span class='ocrx_word' id='word_1_45' title='bbox 601 724 758 769; x_wconf 87' lang='lat' dir='ltr'>deinde</span> <span class='ocrx_word' id='word_1_46' title='bbox 789 724 832 766; x_wconf 93' lang='lat' dir='ltr'>in</span> <span class='ocrx_word' id='word_1_47' title='bbox 861 729 1013 767; x_wconf 89' lang='lat' dir='ltr'>senatu</span> <span class='ocrx_word' id='word_1_48' title='bbox 1042 723 1097 766; x_wconf 92' lang='lat' dir='ltr'>ab</span> <span class='ocrx_word' id='word_1_49' title='bbox 1117 723 1312 766; x_wconf 88' lang='lat' dir='ltr'>Arruntio</span> <span class='ocrx_word' id='word_1_50' title='bbox 1334 729 1376 767; x_wconf 91' lang='lat' dir='ltr'>et</span> <span class='ocrx_word' id='word_1_51' title='bbox 1396 724 1516 767; x_wconf 89' lang='lat' dir='ltr'>Ateio</span> <span class='ocrx_word' id='word_1_52' title='bbox 1545 737 1599 767; x_wconf 91' lang='lat' dir='ltr'>an</span> <span class='ocrx_word' id='word_1_53' title='bbox 1620 723 1676 768; x_wconf 93' lang='lat' dir='ltr'>ob</span> <span class='ocrx_word' id='word_1_54' title='bbox 1702 722 2018 767; x_wconf 70' lang='lat' dir='ltr'>moderandass</span> 
     </span>
     <span class='ocr_line' id='line_1_8' title="bbox 198 798 1989 858; baseline -0.003 -11"><span class='ocrx_word' id='word_1_55' title='bbox 198 803 361 848; x_wconf 87' lang='lat' dir='ltr'>Tiberis</span> <span class='ocrx_word' id='word_1_56' title='bbox 390 801 699 846; x_wconf 86' lang='lat' dir='ltr'>exundationes</span> <span class='ocrx_word' id='word_1_57' title='bbox 719 805 986 843; x_wconf 87' lang='lat' dir='ltr'>verterentur</span> <span class='ocrx_word' id='word_1_58' title='bbox 1015 798 1190 842; x_wconf 90' lang='lat' dir='ltr'>flumina</span> <span class='ocrx_word' id='word_1_59' title='bbox 1222 805 1265 843; x_wconf 92' lang='lat' dir='ltr'>et</span> <span class='ocrx_word' id='word_1_60' title='bbox 1293 798 1411 843; x_wconf 91' lang='lat' dir='ltr'>lacus</span> <span class='ocrx_word' id='word_1_61' title='bbox 1440 813 1520 857; x_wconf 87' lang='lat' dir='ltr'>per</span> <span class='ocrx_word' id='word_1_62' title='bbox 1540 813 1650 858; x_wconf 90' lang='lat' dir='ltr'>quos</span> <span class='ocrx_word' id='word_1_63' title='bbox 1670 799 1881 857; x_wconf 81' lang='lat' dir='ltr'>augescit3</span> <span class='ocrx_word' id='word_1_64' title='bbox 1912 813 1989 843; x_wconf 90' lang='lat' dir='ltr'>au-</span> 
     </span>
     <span class='ocr_line' id='line_1_9' title="bbox 199 873 2031 937; baseline -0.002 -15"><span class='ocrx_word' id='word_1_65' title='bbox 199 879 400 937; x_wconf 88' lang='lat' dir='ltr'>ditaeque</span> <span class='ocrx_word' id='word_1_66' title='bbox 429 877 758 935; x_wconf 86' lang='lat' dir='ltr'>municipiorum</span> <span class='ocrx_word' id='word_1_67' title='bbox 787 881 830 919; x_wconf 91' lang='lat' dir='ltr'>et</span> <span class='ocrx_word' id='word_1_68' title='bbox 851 873 1115 919; x_wconf 86' lang='lat' dir='ltr'>coloniarum</span> <span class='ocrx_word' id='word_1_69' title='bbox 1135 873 1395 932; x_wconf 81' lang='lat' dir='ltr'>legationes,</span> <span class='ocrx_word' id='word_1_70' title='bbox 1420 874 1640 919; x_wconf 91' lang='lat' dir='ltr'>orantibus</span> <span class='ocrx_word' id='word_1_71' title='bbox 1661 874 1912 919; x_wconf 88' lang='lat' dir='ltr'>Florentinis</span> <span class='ocrx_word' id='word_1_72' title='bbox 1933 888 1987 918; x_wconf 93' lang='lat' dir='ltr'>ne</span> <span class='ocrx_word' id='word_1_73' title='bbox 2028 894 2031 899; x_wconf 95' lang='lat'>·</span> 
     </span>
     <span class='ocr_line' id='line_1_10' title="bbox 200 950 1987 1009; baseline -0.003 -11"><span class='ocrx_word' id='word_1_74' title='bbox 200 954 341 999; x_wconf 86' lang='lat' dir='ltr'>Clanis</span> <span class='ocrx_word' id='word_1_75' title='bbox 370 953 494 997; x_wconf 91' lang='lat' dir='ltr'>solito</span> <span class='ocrx_word' id='word_1_76' title='bbox 524 952 648 996; x_wconf 91' lang='lat' dir='ltr'>alveo</span> <span class='ocrx_word' id='word_1_77' title='bbox 678 951 877 995; x_wconf 89' lang='lat' dir='ltr'>demotus</span> <span class='ocrx_word' id='word_1_78' title='bbox 907 951 950 993; x_wconf 92' lang='lat' dir='ltr'>in</span> <span class='ocrx_word' id='word_1_79' title='bbox 981 964 1151 995; x_wconf 93' lang='lat' dir='ltr'>amnem</span> <span class='ocrx_word' id='word_1_80' title='bbox 1180 952 1339 994; x_wconf 88' lang='lat' dir='ltr'>Arnum</span> <span class='ocrx_word' id='word_1_81' title='bbox 1367 951 1686 1002; x_wconf 88' lang='lat' dir='ltr'>transferretur,</span> <span class='ocrx_word' id='word_1_82' title='bbox 1719 950 1851 1009; x_wconf 89' lang='lat' dir='ltr'>idque</span> <span class='ocrx_word' id='word_1_83' title='bbox 1882 950 1987 1008; x_wconf 91' lang='lat' dir='ltr'>ipsis</span> 
     </span>
     <span class='ocr_line' id='line_1_11' title="bbox 198 1026 1988 1088; baseline -0.003 -15"><span class='ocrx_word' id='word_1_84' title='bbox 198 1030 434 1088; x_wconf 88' lang='lat' dir='ltr'>perniciem</span> <span class='ocrx_word' id='word_1_85' title='bbox 448 1028 645 1072; x_wconf 84' lang='lat' dir='ltr'>adferret.</span> <span class='ocrx_word' id='word_1_86' title='bbox 668 1027 947 1084; x_wconf 83' lang='lat' dir='ltr'>congruentia</span> <span class='ocrx_word' id='word_1_87' title='bbox 962 1026 1027 1070; x_wconf 90' lang='lat' dir='ltr'>his</span> <span class='ocrx_word' id='word_1_88' title='bbox 1048 1027 1354 1070; x_wconf 90' lang='lat' dir='ltr'>Interamnates</span> <span class='ocrx_word' id='word_1_89' title='bbox 1372 1026 1634 1071; x_wconf 89' lang='lat' dir='ltr'>disseruere:</span> <span class='ocrx_word' id='word_1_90' title='bbox 1656 1040 1833 1084; x_wconf 90' lang='lat' dir='ltr'>pessum</span> <span class='ocrx_word' id='word_1_91' title='bbox 1854 1026 1988 1069; x_wconf 89' lang='lat' dir='ltr'>ituros</span> 
     </span>
     <span class='ocr_line' id='line_1_12' title="bbox 199 1102 2040 1161; baseline -0.004 -13"><span class='ocrx_word' id='word_1_92' title='bbox 199 1104 528 1150; x_wconf 85' lang='lat' dir='ltr'>fecundissimos</span> <span class='ocrx_word' id='word_1_93' title='bbox 559 1102 703 1147; x_wconf 90' lang='lat' dir='ltr'>ltaliae</span> <span class='ocrx_word' id='word_1_94' title='bbox 734 1116 930 1160; x_wconf 90' lang='lat' dir='ltr'>campos,</span> <span class='ocrx_word' id='word_1_95' title='bbox 962 1103 998 1145; x_wconf 93' lang='lat' dir='ltr'>si</span> <span class='ocrx_word' id='word_1_96' title='bbox 1028 1103 1164 1146; x_wconf 92' lang='lat' dir='ltr'>amnis</span> <span class='ocrx_word' id='word_1_97' title='bbox 1194 1103 1277 1146; x_wconf 89' lang='lat' dir='ltr'>Nar</span> <span class='ocrx_word' id='word_1_98' title='bbox 1309 1102 1366 1159; x_wconf 90' lang='lat' dir='ltr'>(id</span> <span class='ocrx_word' id='word_1_99' title='bbox 1396 1103 1510 1146; x_wconf 87' lang='lat' dir='ltr'>enim</span> <span class='ocrx_word' id='word_1_100' title='bbox 1537 1102 1778 1161; x_wconf 88' lang='lat' dir='ltr'>parabatur)</span> <span class='ocrx_word' id='word_1_101' title='bbox 1810 1103 1854 1145; x_wconf 90' lang='lat' dir='ltr'>in</span> <span class='ocrx_word' id='word_1_102' title='bbox 1873 1103 1988 1145; x_wconf 89' lang='lat' dir='ltr'>rivos</span> <span class='ocrx_word' id='word_1_103' title='bbox 2003 1112 2040 1141; x_wconf 77' lang='lat'>⁴0</span> 
     </span>
     <span class='ocr_line' id='line_1_13' title="bbox 200 1169 1989 1237; baseline -0.002 -12"><span class='ocrx_word' id='word_1_104' title='bbox 200 1181 400 1225; x_wconf 87' lang='lat' dir='ltr'>diductus</span> <span class='ocrx_word' id='word_1_105' title='bbox 429 1169 853 1237; x_wconf 81' lang='lat' dir='ltr'>superstagnavisset.</span> <span class='ocrx_word' id='word_1_106' title='bbox 882 1191 964 1232; x_wconf 85' lang='lat' dir='ltr'>nec</span> <span class='ocrx_word' id='word_1_107' title='bbox 991 1178 1155 1221; x_wconf 88' lang='lat' dir='ltr'>Reatini</span> <span class='ocrx_word' id='word_1_108' title='bbox 1186 1177 1384 1228; x_wconf 87' lang='lat' dir='ltr'>silebant.</span> <span class='ocrx_word' id='word_1_109' title='bbox 1418 1178 1612 1223; x_wconf 90' lang='lat' dir='ltr'>Velinum</span> <span class='ocrx_word' id='word_1_110' title='bbox 1639 1178 1799 1230; x_wconf 90' lang='lat' dir='ltr'>lacum,</span> <span class='ocrx_word' id='word_1_111' title='bbox 1831 1193 1917 1237; x_wconf 82' lang='lat' dir='ltr'>qua</span> <span class='ocrx_word' id='word_1_112' title='bbox 1946 1179 1989 1221; x_wconf 91' lang='lat' dir='ltr'>in</span> 
     </span>
     <span class='ocr_line' id='line_1_14' title="bbox 200 1253 1988 1312; baseline -0.003 -10"><span class='ocrx_word' id='word_1_113' title='bbox 200 1259 354 1302; x_wconf 89' lang='lat' dir='ltr'>Narem</span> <span class='ocrx_word' id='word_1_114' title='bbox 383 1253 631 1304; x_wconf 84' lang='lat' dir='ltr'>effunditur,</span> <span class='ocrx_word' id='word_1_115' title='bbox 671 1253 833 1297; x_wconf 88' lang='lat' dir='ltr'>obstrui</span> <span class='ocrx_word' id='word_1_116' title='bbox 862 1260 1133 1305; x_wconf 90' lang='lat' dir='ltr'>recusantes,</span> <span class='ocrx_word' id='word_1_117' title='bbox 1174 1254 1335 1311; x_wconf 90' lang='lat' dir='ltr'>quippe</span> <span class='ocrx_word' id='word_1_118' title='bbox 1375 1254 1417 1297; x_wconf 92' lang='lat' dir='ltr'>in</span> <span class='ocrx_word' id='word_1_119' title='bbox 1447 1254 1687 1299; x_wconf 90' lang='lat' dir='ltr'>adiacentia</span> <span class='ocrx_word' id='word_1_120' title='bbox 1717 1261 1988 1312; x_wconf 82' lang='lat' dir='ltr'>erupturum3</span> 
     </span>
     <span class='ocr_line' id='line_1_15' title="bbox 202 1328 1987 1390; baseline -0.001 -14"><span class='ocrx_word' id='word_1_121' title='bbox 202 1339 375 1390; x_wconf 88' lang='lat' dir='ltr'>optume</span> <span class='ocrx_word' id='word_1_122' title='bbox 403 1330 534 1374; x_wconf 90' lang='lat' dir='ltr'>rebus</span> <span class='ocrx_word' id='word_1_123' title='bbox 563 1329 807 1373; x_wconf 90' lang='lat' dir='ltr'>mortalium</span> <span class='ocrx_word' id='word_1_124' title='bbox 835 1328 1104 1373; x_wconf 88' lang='lat' dir='ltr'>consuluisse</span> <span class='ocrx_word' id='word_1_125' title='bbox 1134 1335 1344 1381; x_wconf 88' lang='lat' dir='ltr'>naturam,</span> <span class='ocrx_word' id='word_1_126' title='bbox 1377 1343 1489 1388; x_wconf 91' lang='lat' dir='ltr'>quae</span> <span class='ocrx_word' id='word_1_127' title='bbox 1519 1344 1597 1375; x_wconf 91' lang='lat' dir='ltr'>sua</span> <span class='ocrx_word' id='word_1_128' title='bbox 1624 1344 1700 1374; x_wconf 90' lang='lat' dir='ltr'>ora</span> <span class='ocrx_word' id='word_1_129' title='bbox 1728 1329 1987 1382; x_wconf 84' lang='lat' dir='ltr'>fluminibuS,</span> 
     </span>
     <span class='ocr_line' id='line_1_16' title="bbox 203 1404 1991 1464; baseline -0.002 -12"><span class='ocrx_word' id='word_1_130' title='bbox 203 1422 306 1451; x_wconf 92' lang='lat' dir='ltr'>suos</span> <span class='ocrx_word' id='word_1_131' title='bbox 335 1421 508 1458; x_wconf 86' lang='lat' dir='ltr'>cursuS,</span> <span class='ocrx_word' id='word_1_132' title='bbox 538 1412 672 1464; x_wconf 85' lang='lat' dir='ltr'>utque</span> <span class='ocrx_word' id='word_1_133' title='bbox 702 1405 932 1463; x_wconf 83' lang='lat' dir='ltr'>originem,</span> <span class='ocrx_word' id='word_1_134' title='bbox 964 1405 1022 1449; x_wconf 88' lang='lat' dir='ltr'>ita</span> <span class='ocrx_word' id='word_1_135' title='bbox 1049 1404 1158 1449; x_wconf 91' lang='lat' dir='ltr'>fines</span> <span class='ocrx_word' id='word_1_136' title='bbox 1177 1405 1365 1459; x_wconf 84' lang='lat' dir='ltr'>dederit3</span> <span class='ocrx_word' id='word_1_137' title='bbox 1397 1406 1653 1463; x_wconf 91' lang='lat' dir='ltr'>spectandas</span> <span class='ocrx_word' id='word_1_138' title='bbox 1672 1407 1801 1451; x_wconf 91' lang='lat' dir='ltr'>etiam</span> <span class='ocrx_word' id='word_1_139' title='bbox 1817 1406 1991 1464; x_wconf 85' lang='lat' dir='ltr'>religio-</span> 
     </span>
    </p>
   </div>
   <div class='ocr_carea' id='block_1_4' title="bbox 203 1558 1995 1660">
    <p class='ocr_par' dir='ltr' id='par_1_5' title="bbox 203 1558 1995 1660">
     <span class='ocr_line' id='line_1_17' title="bbox 247 1558 1995 1602; baseline -0.001 -8"><span class='ocrx_word' id='word_1_140' title='bbox 247 1562 279 1594; x_wconf 93' lang='grc'>4.</span> <span class='ocrx_word' id='word_1_141' title='bbox 303 1558 460 1602; x_wconf 68' lang='grc' dir='ltr'>ἀοῇσαηιε</span> <span class='ocrx_word' id='word_1_142' title='bbox 480 1560 514 1593; x_wconf 82' lang='lat' dir='ltr'><strong>M</strong></span> <span class='ocrx_word' id='word_1_143' title='bbox 538 1576 574 1582; x_wconf 95' lang='lat'>—</span> <span class='ocrx_word' id='word_1_144' title='bbox 605 1559 638 1591; x_wconf 88' lang='grc'><strong>2.</strong></span> <span class='ocrx_word' id='word_1_145' title='bbox 657 1558 850 1599; x_wconf 82' lang='lat' dir='ltr'>pubplicam</span> <span class='ocrx_word' id='word_1_146' title='bbox 872 1558 907 1591; x_wconf 77' lang='lat' dir='ltr'>M</span> <span class='ocrx_word' id='word_1_147' title='bbox 930 1575 966 1581; x_wconf 94' lang='lat'><strong>—</strong></span> <span class='ocrx_word' id='word_1_148' title='bbox 996 1558 1028 1590; x_wconf 94' lang='lat'>9.</span> <span class='ocrx_word' id='word_1_149' title='bbox 1047 1558 1235 1599; x_wconf 83' lang='lat' dir='ltr'>permitiem</span> <span class='ocrx_word' id='word_1_150' title='bbox 1258 1567 1350 1591; x_wconf 89' lang='lat' dir='ltr'>corr.</span> <span class='ocrx_word' id='word_1_151' title='bbox 1375 1558 1417 1590; x_wconf 78' lang='lat' dir='ltr'>in</span> <span class='ocrx_word' id='word_1_152' title='bbox 1432 1560 1610 1599; x_wconf 71' lang='lat' dir='ltr'>pernitiem</span> <span class='ocrx_word' id='word_1_153' title='bbox 1631 1560 1666 1593; x_wconf 81' lang='lat' dir='ltr'><strong>M</strong></span> <span class='ocrx_word' id='word_1_154' title='bbox 1690 1577 1728 1583; x_wconf 92' lang='lat'>-—</span> <span class='ocrx_word' id='word_1_155' title='bbox 1755 1560 1995 1592; x_wconf 77' lang='lat' dir='ltr'>Interamnates</span> 
     </span>
     <span class='ocr_line' id='line_1_18' title="bbox 203 1615 1995 1660; baseline -0.001 -9"><span class='ocrx_word' id='word_1_156' title='bbox 203 1626 326 1660; x_wconf 88' lang='lat' dir='ltr'>margo</span> <span class='ocrx_word' id='word_1_157' title='bbox 353 1618 403 1651; x_wconf 81' lang='lat' dir='ltr'>M:</span> <span class='ocrx_word' id='word_1_158' title='bbox 436 1620 513 1650; x_wconf 77' lang='lat' dir='ltr'>ante</span> <span class='ocrx_word' id='word_1_159' title='bbox 537 1619 690 1649; x_wconf 84' lang='lat' dir='ltr'>manates</span> <span class='ocrx_word' id='word_1_160' title='bbox 711 1616 764 1655; x_wconf 81' lang='lat' dir='ltr'>M;</span> <span class='ocrx_word' id='word_1_161' title='bbox 796 1615 1005 1648; x_wconf 72' lang='lat' dir='ltr'>Antemnates</span> <span class='ocrx_word' id='word_1_162' title='bbox 1026 1615 1190 1648; x_wconf 87' lang='lat' dir='ltr'>Pichena.</span> <span class='ocrx_word' id='word_1_163' title='bbox 1223 1634 1261 1640; x_wconf 94' lang='lat'><strong>—</strong></span> <span class='ocrx_word' id='word_1_164' title='bbox 1295 1615 1350 1648; x_wconf 88' lang='grc'>44.</span> <span class='ocrx_word' id='word_1_165' title='bbox 1380 1616 1538 1649; x_wconf 81' lang='lat' dir='ltr'>deductus</span> <span class='ocrx_word' id='word_1_166' title='bbox 1563 1617 1599 1651; x_wconf 86' lang='grc' dir='ltr'><strong>Μ</strong></span> <span class='ocrx_word' id='word_1_167' title='bbox 1629 1634 1666 1641; x_wconf 91' lang='grc'><strong>-</strong></span> <span class='ocrx_word' id='word_1_168' title='bbox 1701 1617 1755 1650; x_wconf 87' lang='grc'>42.</span> <span class='ocrx_word' id='word_1_169' title='bbox 1786 1617 1995 1651; x_wconf 80' lang='lat' dir='ltr'>adiacentiae</span> 
     </span>
    </p>
   </div>
   <div class='ocr_carea' id='block_1_5' title="bbox 202 1673 964 1716">
    <p class='ocr_par' dir='ltr' id='par_1_6' title="bbox 202 1673 964 1716">
     <span class='ocr_line' id='line_1_19' title="bbox 202 1673 964 1716; baseline -0.004 -8"><span class='ocrx_word' id='word_1_170' title='bbox 202 1678 384 1716; x_wconf 74' lang='lat' dir='ltr'>mpturum</span> <span class='ocrx_word' id='word_1_171' title='bbox 405 1682 459 1716; x_wconf 90' lang='lat' dir='ltr'>pr.</span> <span class='ocrx_word' id='word_1_172' title='bbox 484 1674 519 1707; x_wconf 79' lang='lat' dir='ltr'>M</span> <span class='ocrx_word' id='word_1_173' title='bbox 548 1691 585 1697; x_wconf 87' lang='lat'>-—</span> <span class='ocrx_word' id='word_1_174' title='bbox 611 1673 665 1706; x_wconf 88' lang='grc'>43.</span> <span class='ocrx_word' id='word_1_175' title='bbox 690 1673 819 1706; x_wconf 89' lang='lat' dir='ltr'>obtume</span> <span class='ocrx_word' id='word_1_176' title='bbox 839 1681 894 1715; x_wconf 87' lang='lat' dir='ltr'>pr.</span> <span class='ocrx_word' id='word_1_177' title='bbox 919 1673 964 1706; x_wconf 83' lang='lat' dir='ltr'>M.</span> 
     </span>
    </p>
   </div>
   <div class='ocr_carea' id='block_1_6' title="bbox 205 1794 1085 3491">
    <p class='ocr_par' dir='ltr' id='par_1_7' title="bbox 205 1794 1085 3491">
     <span class='ocr_line' id='line_1_20' title="bbox 205 1794 1075 1832; baseline -0.002 0"><span class='ocrx_word' id='word_1_178' title='bbox 205 1801 326 1832; x_wconf 78' lang='lat' dir='ltr'>datis».</span> <span class='ocrx_word' id='word_1_179' title='bbox 362 1794 531 1832; x_wconf 80' lang='lat' dir='ltr'>Ceterum</span> <span class='ocrx_word' id='word_1_180' title='bbox 553 1799 657 1832; x_wconf 81' lang='lat' dir='ltr'>Asiae</span> <span class='ocrx_word' id='word_1_181' title='bbox 680 1797 805 1832; x_wconf 89' lang='lat' dir='ltr'>saltem</span> <span class='ocrx_word' id='word_1_182' title='bbox 824 1798 984 1831; x_wconf 88' lang='lat' dir='ltr'>civitates</span> <span class='ocrx_word' id='word_1_183' title='bbox 1006 1797 1075 1830; x_wconf 88' lang='lat' dir='ltr'>hoc</span> 
     </span>
     <span class='ocr_line' id='line_1_21' title="bbox 206 1847 1075 1891; baseline -0.002 -9"><span class='ocrx_word' id='word_1_184' title='bbox 206 1848 368 1891; x_wconf 84' lang='lat' dir='ltr'>exemplo</span> <span class='ocrx_word' id='word_1_185' title='bbox 399 1848 544 1881; x_wconf 91' lang='lat' dir='ltr'>minime</span> <span class='ocrx_word' id='word_1_186' title='bbox 575 1847 795 1890; x_wconf 81' lang='lat' dir='ltr'>indigebant,</span> <span class='ocrx_word' id='word_1_187' title='bbox 829 1849 959 1891; x_wconf 87' lang='lat' dir='ltr'>quippe</span> <span class='ocrx_word' id='word_1_188' title='bbox 983 1856 1075 1890; x_wconf 87' lang='lat' dir='ltr'>quae</span> 
     </span>
     <span class='ocr_line' id='line_1_22' title="bbox 205 1897 1076 1939; baseline -0.002 -7"><span class='ocrx_word' id='word_1_189' title='bbox 205 1900 276 1932; x_wconf 88' lang='lat' dir='ltr'>iam</span> <span class='ocrx_word' id='word_1_190' title='bbox 297 1897 416 1932; x_wconf 88' lang='lat' dir='ltr'>multis</span> <span class='ocrx_word' id='word_1_191' title='bbox 439 1899 520 1931; x_wconf 83' lang='lat' dir='ltr'>ante</span> <span class='ocrx_word' id='word_1_192' title='bbox 541 1899 643 1931; x_wconf 87' lang='lat' dir='ltr'>annis</span> <span class='ocrx_word' id='word_1_193' title='bbox 659 1899 696 1931; x_wconf 85' lang='lat' dir='ltr'>et</span> <span class='ocrx_word' id='word_1_194' title='bbox 711 1898 855 1931; x_wconf 88' lang='lat' dir='ltr'>Caesari</span> <span class='ocrx_word' id='word_1_195' title='bbox 870 1899 906 1930; x_wconf 90' lang='lat' dir='ltr'>et</span> <span class='ocrx_word' id='word_1_196' title='bbox 920 1898 1076 1939; x_wconf 81' lang='lat' dir='ltr'>Augusto</span> 
     </span>
     <span class='ocr_line' id='line_1_23' title="bbox 206 1948 1079 1991; baseline -0.003 -9"><span class='ocrx_word' id='word_1_197' title='bbox 206 1948 336 1991; x_wconf 81' lang='lat' dir='ltr'>templa</span> <span class='ocrx_word' id='word_1_198' title='bbox 361 1949 639 1981; x_wconf 86' lang='lat' dir='ltr'>consecrassent.</span> <span class='ocrx_word' id='word_1_199' title='bbox 668 1948 721 1982; x_wconf 85' lang='lat' dir='ltr'>Cf.</span> <span class='ocrx_word' id='word_1_200' title='bbox 739 1948 759 1981; x_wconf 87' lang='grc'>4</span> <span class='ocrx_word' id='word_1_201' title='bbox 772 1973 780 1988; x_wconf 90' lang='grc'><strong>,</strong></span> <span class='ocrx_word' id='word_1_202' title='bbox 797 1948 858 1981; x_wconf 82' lang='lat'>37:</span> <span class='ocrx_word' id='word_1_203' title='bbox 885 1957 961 1980; x_wconf 84' lang='lat' dir='ltr'>cum</span> <span class='ocrx_word' id='word_1_204' title='bbox 982 1949 1079 1980; x_wconf 83' lang='lat' dir='ltr'>divus</span> 
     </span>
     <span class='ocr_line' id='line_1_24' title="bbox 207 1998 1079 2042; baseline -0.001 -10"><span class='ocrx_word' id='word_1_205' title='bbox 207 2000 376 2042; x_wconf 67' lang='lat' dir='ltr'>Augustus</span> <span class='ocrx_word' id='word_1_206' title='bbox 397 1998 459 2031; x_wconf 80' lang='lat' dir='ltr'>sibi</span> <span class='ocrx_word' id='word_1_207' title='bbox 474 2001 574 2039; x_wconf 84' lang='lat' dir='ltr'>atque</span> <span class='ocrx_word' id='word_1_208' title='bbox 588 1999 666 2032; x_wconf 85' lang='lat' dir='ltr'>urbi</span> <span class='ocrx_word' id='word_1_209' title='bbox 678 2000 802 2032; x_wconf 86' lang='lat' dir='ltr'>Romae</span> <span class='ocrx_word' id='word_1_210' title='bbox 817 2000 974 2040; x_wconf 86' lang='lat' dir='ltr'>templum</span> <span class='ocrx_word' id='word_1_211' title='bbox 988 1998 1079 2039; x_wconf 83' lang='lat' dir='ltr'>apud</span> 
     </span>
     <span class='ocr_line' id='line_1_25' title="bbox 207 2048 1080 2092; baseline -0.002 -9"><span class='ocrx_word' id='word_1_212' title='bbox 207 2051 425 2092; x_wconf 75' lang='lat' dir='ltr'>Perqamenos</span> <span class='ocrx_word' id='word_1_213' title='bbox 445 2050 515 2082; x_wconf 81' lang='lat' dir='ltr'>sisti</span> <span class='ocrx_word' id='word_1_214' title='bbox 537 2059 604 2082; x_wconf 89' lang='lat' dir='ltr'>non</span> <span class='ocrx_word' id='word_1_215' title='bbox 620 2049 857 2090; x_wconf 73' lang='lat' dir='ltr'>prohibuisset,</span> <span class='ocrx_word' id='word_1_216' title='bbox 882 2051 949 2082; x_wconf 91' lang='lat' dir='ltr'>cet.</span> <span class='ocrx_word' id='word_1_217' title='bbox 975 2048 1080 2081; x_wconf 82' lang='lat' dir='ltr'>Diffe-</span> 
     </span>
     <span class='ocr_line' id='line_1_26' title="bbox 208 2099 1079 2141; baseline -0.001 -9"><span class='ocrx_word' id='word_1_218' title='bbox 208 2100 321 2133; x_wconf 88' lang='lat' dir='ltr'>rentia</span> <span class='ocrx_word' id='word_1_219' title='bbox 351 2100 472 2132; x_wconf 82' lang='lat' dir='ltr'>tamen</span> <span class='ocrx_word' id='word_1_220' title='bbox 494 2107 536 2132; x_wconf 81' lang='lat' dir='ltr'>ea</span> <span class='ocrx_word' id='word_1_221' title='bbox 563 2099 644 2140; x_wconf 87' lang='lat' dir='ltr'>fuit,</span> <span class='ocrx_word' id='word_1_222' title='bbox 676 2099 770 2141; x_wconf 91' lang='lat' dir='ltr'>quod</span> <span class='ocrx_word' id='word_1_223' title='bbox 795 2100 1079 2132; x_wconf 89' lang='lat' dir='ltr'>Tarraconenses</span> 
     </span>
     <span class='ocr_line' id='line_1_27' title="bbox 205 2146 1078 2194; baseline -0.001 -12"><span class='ocrx_word' id='word_1_224' title='bbox 205 2150 364 2191; x_wconf 79' lang='lat' dir='ltr'>Augusto</span> <span class='ocrx_word' id='word_1_225' title='bbox 396 2147 462 2182; x_wconf 89' lang='lat' dir='ltr'>soli</span> <span class='ocrx_word' id='word_1_226' title='bbox 488 2149 565 2182; x_wconf 90' lang='lat' dir='ltr'>sine</span> <span class='ocrx_word' id='word_1_227' title='bbox 597 2146 749 2194; x_wconf 78' lang='grc' dir='ltr'>συννάῳ</span> <span class='ocrx_word' id='word_1_228' title='bbox 772 2150 882 2182; x_wconf 86' lang='lat' dir='ltr'>Roma</span> <span class='ocrx_word' id='word_1_229' title='bbox 905 2148 1078 2191; x_wconf 87' lang='lat' dir='ltr'>templum</span> 
     </span>
     <span class='ocr_line' id='line_1_28' title="bbox 207 2198 1077 2240; baseline 0 -8"><span class='ocrx_word' id='word_1_230' title='bbox 207 2199 423 2232; x_wconf 84' lang='lat' dir='ltr'>struxerunt.</span> <span class='ocrx_word' id='word_1_231' title='bbox 448 2215 485 2222; x_wconf 93' lang='lat'><strong>—</strong></span> <span class='ocrx_word' id='word_1_232' title='bbox 518 2200 729 2232; x_wconf 73' lang='lat' dir='ltr'>centesimam</span> <span class='ocrx_word' id='word_1_233' title='bbox 756 2208 872 2232; x_wconf 84' lang='lat' dir='ltr'>rerum</span> <span class='ocrx_word' id='word_1_234' title='bbox 898 2198 1077 2240; x_wconf 83' lang='lat' dir='ltr'>venalium]</span> 
     </span>
     <span class='ocr_line' id='line_1_29' title="bbox 207 2248 1080 2292; baseline 0 -10"><span class='ocrx_word' id='word_1_235' title='bbox 207 2249 296 2282; x_wconf 86' lang='lat' dir='ltr'>Vide</span> <span class='ocrx_word' id='word_1_236' title='bbox 324 2248 371 2282; x_wconf 84' lang='lat' dir='ltr'>ad</span> <span class='ocrx_word' id='word_1_237' title='bbox 399 2249 436 2288; x_wconf 89' lang='grc'>2,</span> <span class='ocrx_word' id='word_1_238' title='bbox 467 2248 521 2282; x_wconf 86' lang='grc'>42.</span> <span class='ocrx_word' id='word_1_239' title='bbox 549 2266 586 2273; x_wconf 95' lang='grc'>-</span> <span class='ocrx_word' id='word_1_240' title='bbox 617 2250 765 2283; x_wconf 73' lang='grc' dir='ltr'>ηιόιόιανο</span> <span class='ocrx_word' id='word_1_241' title='bbox 790 2249 974 2292; x_wconf 72' lang='lat' dir='ltr'>aerarium]</span> <span class='ocrx_word' id='word_1_242' title='bbox 1003 2250 1080 2283; x_wconf 83' lang='grc' dir='ltr'>Μο-</span> 
     </span>
     <span class='ocr_line' id='line_1_30' title="bbox 207 2299 1077 2340; baseline 0 -8"><span class='ocrx_word' id='word_1_243' title='bbox 207 2307 306 2333; x_wconf 92' lang='lat' dir='ltr'>num.</span> <span class='ocrx_word' id='word_1_244' title='bbox 331 2301 462 2340; x_wconf 81' lang='lat' dir='ltr'>Aneyr.</span> <span class='ocrx_word' id='word_1_245' title='bbox 480 2299 566 2332; x_wconf 87' lang='lat' dir='ltr'>Tab.</span> <span class='ocrx_word' id='word_1_246' title='bbox 584 2300 646 2339; x_wconf 87' lang='grc' dir='ltr'>ΠΙ,</span> <span class='ocrx_word' id='word_1_247' title='bbox 671 2299 732 2333; x_wconf 82' lang='grc'>35;</span> <span class='ocrx_word' id='word_1_248' title='bbox 757 2301 804 2333; x_wconf 78' lang='grc' dir='ltr'><strong>Μ.</strong></span> <span class='ocrx_word' id='word_1_249' title='bbox 827 2300 965 2334; x_wconf 83' lang='lat' dir='ltr'>Aemilio</span> <span class='ocrx_word' id='word_1_250' title='bbox 986 2302 1019 2333; x_wconf 88' lang='lat' dir='ltr'>et</span> <span class='ocrx_word' id='word_1_251' title='bbox 1039 2300 1077 2332; x_wconf 90' lang='lat' dir='ltr'>L.</span> 
     </span>
     <span class='ocr_line' id='line_1_31' title="bbox 210 2349 1082 2392; baseline -0.001 -9"><span class='ocrx_word' id='word_1_252' title='bbox 210 2350 373 2383; x_wconf 69' lang='lat' dir='ltr'>An‘untio</span> <span class='ocrx_word' id='word_1_253' title='bbox 395 2358 460 2382; x_wconf 86' lang='lat' dir='ltr'>cos.</span> <span class='ocrx_word' id='word_1_254' title='bbox 481 2349 531 2392; x_wconf 70' lang='lat' dir='ltr'>(a.</span> <span class='ocrx_word' id='word_1_255' title='bbox 556 2359 592 2382; x_wconf 90' lang='lat' dir='ltr'>u.</span> <span class='ocrx_word' id='word_1_256' title='bbox 618 2350 708 2392; x_wconf 82' lang='lat'><strong>759.)</strong></span> <span class='ocrx_word' id='word_1_257' title='bbox 738 2351 774 2383; x_wconf 85' lang='lat' dir='ltr'>in</span> <span class='ocrx_word' id='word_1_258' title='bbox 796 2352 969 2384; x_wconf 87' lang='lat' dir='ltr'>aerarium</span> <span class='ocrx_word' id='word_1_259' title='bbox 989 2350 1082 2383; x_wconf 83' lang='lat' dir='ltr'>mili-</span> 
     </span>
     <span class='ocr_line' id='line_1_32' title="bbox 208 2399 1079 2439; baseline 0.002 -8"><span class='ocrx_word' id='word_1_260' title='bbox 208 2403 299 2439; x_wconf 84' lang='lat' dir='ltr'>tare,</span> <span class='ocrx_word' id='word_1_261' title='bbox 331 2399 420 2439; x_wconf 79' lang='lat' dir='ltr'>quod</span> <span class='ocrx_word' id='word_1_262' title='bbox 449 2408 494 2431; x_wconf 74' lang='lat' dir='ltr'>ex</span> <span class='ocrx_word' id='word_1_263' title='bbox 524 2400 662 2432; x_wconf 82' lang='lat' dir='ltr'>consitio</span> <span class='ocrx_word' id='word_1_264' title='bbox 690 2408 763 2432; x_wconf 89' lang='lat' dir='ltr'>meo</span> <span class='ocrx_word' id='word_1_265' title='bbox 783 2401 998 2433; x_wconf 80' lang='lat' dir='ltr'>constitutum</span> <span class='ocrx_word' id='word_1_266' title='bbox 1019 2402 1079 2439; x_wconf 84' lang='lat' dir='ltr'>est,</span> 
     </span>
     <span class='ocr_line' id='line_1_33' title="bbox 208 2451 1081 2492; baseline -0.001 -9"><span class='ocrx_word' id='word_1_267' title='bbox 208 2459 254 2483; x_wconf 79' lang='lat' dir='ltr'>ex</span> <span class='ocrx_word' id='word_1_268' title='bbox 284 2458 350 2491; x_wconf 82' lang='lat' dir='ltr'>quo</span> <span class='ocrx_word' id='word_1_269' title='bbox 373 2451 533 2490; x_wconf 87' lang='lat' dir='ltr'>praemia</span> <span class='ocrx_word' id='word_1_270' title='bbox 554 2451 718 2483; x_wconf 84' lang='lat' dir='ltr'>darentur</span> <span class='ocrx_word' id='word_1_271' title='bbox 730 2451 917 2491; x_wconf 83' lang='lat' dir='ltr'>militibus,</span> <span class='ocrx_word' id='word_1_272' title='bbox 946 2451 1003 2492; x_wconf 82' lang='lat' dir='ltr'>qui</span> <span class='ocrx_word' id='word_1_273' title='bbox 1025 2451 1081 2482; x_wconf 87' lang='lat' dir='ltr'>vi-</span> 
     </span>
     <span class='ocr_line' id='line_1_34' title="bbox 208 2501 1082 2543; baseline 0.002 -11"><span class='ocrx_word' id='word_1_274' title='bbox 208 2501 294 2543; x_wconf 65' lang='lat' dir='ltr'>ginti</span> <span class='ocrx_word' id='word_1_275' title='bbox 329 2501 493 2541; x_wconf 78' lang='lat' dir='ltr'>stipendia</span> <span class='ocrx_word' id='word_1_276' title='bbox 529 2502 761 2542; x_wconf 73' lang='lat' dir='ltr'>meruissent,</span> <span class='ocrx_word' id='word_1_277' title='bbox 798 2502 854 2535; x_wconf 87' lang='lat' dir='ltr'>HS</span> <span class='ocrx_word' id='word_1_278' title='bbox 888 2503 1018 2535; x_wconf 75' lang='lat' dir='ltr'>miliens</span> <span class='ocrx_word' id='word_1_279' title='bbox 1049 2503 1082 2534; x_wconf 90' lang='lat' dir='ltr'>et</span> 
     </span>
     <span class='ocr_line' id='line_1_35' title="bbox 209 2550 1082 2593; baseline 0 -10"><span class='ocrx_word' id='word_1_280' title='bbox 209 2551 462 2593; x_wconf 63' lang='lat' dir='ltr'>septingentiens</span> <span class='ocrx_word' id='word_1_281' title='bbox 484 2550 532 2584; x_wconf 87' lang='lat' dir='ltr'>Ti.</span> <span class='ocrx_word' id='word_1_282' title='bbox 558 2551 712 2584; x_wconf 83' lang='lat' dir='ltr'>Caesaris</span> <span class='ocrx_word' id='word_1_283' title='bbox 730 2553 862 2585; x_wconf 67' lang='lat' dir='ltr'>nomme</span> <span class='ocrx_word' id='word_1_284' title='bbox 883 2555 916 2585; x_wconf 87' lang='lat' dir='ltr'>et</span> <span class='ocrx_word' id='word_1_285' title='bbox 934 2560 1007 2585; x_wconf 89' lang='lat' dir='ltr'>meo</span> <span class='ocrx_word' id='word_1_286' title='bbox 1028 2551 1082 2583; x_wconf 82' lang='lat' dir='ltr'>de-</span> 
     </span>
     <span class='ocr_line' id='line_1_36' title="bbox 210 2601 1082 2644; baseline -0.001 -9"><span class='ocrx_word' id='word_1_287' title='bbox 210 2602 284 2635; x_wconf 76' lang='lat' dir='ltr'>tuli.</span> <span class='ocrx_word' id='word_1_288' title='bbox 328 2602 472 2634; x_wconf 81' lang='lat' dir='ltr'>sueton.</span> <span class='ocrx_word' id='word_1_289' title='bbox 508 2601 629 2635; x_wconf 84' lang='lat' dir='ltr'>octav.</span> <span class='ocrx_word' id='word_1_290' title='bbox 660 2601 725 2635; x_wconf 70' lang='lat'>49:</span> <span class='ocrx_word' id='word_1_291' title='bbox 763 2603 931 2643; x_wconf 73' lang='lat' dir='ltr'>Quidquid</span> <span class='ocrx_word' id='word_1_292' title='bbox 960 2601 1082 2644; x_wconf 83' lang='lat' dir='ltr'>ubique</span> 
     </span>
     <span class='ocr_line' id='line_1_37' title="bbox 209 2651 1081 2693; baseline 0.001 -9"><span class='ocrx_word' id='word_1_293' title='bbox 209 2651 356 2684; x_wconf 62' lang='lat' dir='ltr'>mutiam</span> <span class='ocrx_word' id='word_1_294' title='bbox 375 2653 475 2691; x_wconf 85' lang='lat' dir='ltr'>esset,</span> <span class='ocrx_word' id='word_1_295' title='bbox 503 2651 552 2683; x_wconf 83' lang='lat' dir='ltr'>ad</span> <span class='ocrx_word' id='word_1_296' title='bbox 574 2654 701 2684; x_wconf 85' lang='lat' dir='ltr'>certam</span> <span class='ocrx_word' id='word_1_297' title='bbox 721 2653 959 2693; x_wconf 73' lang='lat' dir='ltr'>stipendiorum</span> <span class='ocrx_word' id='word_1_298' title='bbox 974 2660 1081 2693; x_wconf 85' lang='lat' dir='ltr'>prae-</span> 
     </span>
     <span class='ocr_line' id='line_1_38' title="bbox 210 2700 1081 2744; baseline 0 -10"><span class='ocrx_word' id='word_1_299' title='bbox 210 2702 419 2741; x_wconf 80' lang='lat' dir='ltr'>miorumque</span> <span class='ocrx_word' id='word_1_300' title='bbox 447 2700 631 2742; x_wconf 77' lang='lat' dir='ltr'>famulam</span> <span class='ocrx_word' id='word_1_301' title='bbox 653 2701 840 2734; x_wconf 75' lang='lat' dir='ltr'>adstrinxit</span> <span class='ocrx_word' id='word_1_302' title='bbox 858 2701 1000 2744; x_wconf 69' lang='lat' dir='ltr'>definitis</span> <span class='ocrx_word' id='word_1_303' title='bbox 1015 2710 1081 2742; x_wconf 89' lang='lat' dir='ltr'>pro</span> 
     </span>
     <span class='ocr_line' id='line_1_39' title="bbox 210 2750 1081 2794; baseline 0 -11"><span class='ocrx_word' id='word_1_304' title='bbox 210 2751 324 2794; x_wconf 63' lang='lat' dir='ltr'>gradu</span> <span class='ocrx_word' id='word_1_305' title='bbox 343 2751 504 2790; x_wconf 71' lang='lat' dir='ltr'>cuimque</span> <span class='ocrx_word' id='word_1_306' title='bbox 523 2753 556 2783; x_wconf 87' lang='lat' dir='ltr'>et</span> <span class='ocrx_word' id='word_1_307' title='bbox 578 2750 778 2792; x_wconf 76' lang='lat' dir='ltr'>temporibus</span> <span class='ocrx_word' id='word_1_308' title='bbox 791 2751 933 2784; x_wconf 83' lang='lat' dir='ltr'>militiae</span> <span class='ocrx_word' id='word_1_309' title='bbox 945 2753 978 2783; x_wconf 86' lang='lat' dir='ltr'>et</span> <span class='ocrx_word' id='word_1_310' title='bbox 989 2759 1081 2783; x_wconf 87' lang='lat' dir='ltr'>com—</span> 
     </span>
     <span class='ocr_line' id='line_1_40' title="bbox 210 2800 1082 2841; baseline -0.002 -8"><span class='ocrx_word' id='word_1_311' title='bbox 210 2801 318 2833; x_wconf 84' lang='lat' dir='ltr'>m&#39;odis</span> <span class='ocrx_word' id='word_1_312' title='bbox 345 2800 559 2840; x_wconf 63' lang='lat' dir='ltr'>vitissimam,</span> <span class='ocrx_word' id='word_1_313' title='bbox 589 2809 631 2833; x_wconf 86' lang='lat' dir='ltr'>ne</span> <span class='ocrx_word' id='word_1_314' title='bbox 661 2803 722 2832; x_wconf 85' lang='lat' dir='ltr'>aut</span> <span class='ocrx_word' id='word_1_315' title='bbox 751 2803 861 2833; x_wconf 83' lang='lat' dir='ltr'>aetate</span> <span class='ocrx_word' id='word_1_316' title='bbox 886 2803 948 2833; x_wconf 86' lang='lat' dir='ltr'>aut</span> <span class='ocrx_word' id='word_1_317' title='bbox 966 2800 1082 2841; x_wconf 85' lang='lat' dir='ltr'>inopia</span> 
     </span>
     <span class='ocr_line' id='line_1_41' title="bbox 206 2850 1082 2891; baseline -0.002 -9"><span class='ocrx_word' id='word_1_318' title='bbox 206 2852 286 2891; x_wconf 86' lang='lat' dir='ltr'>post</span> <span class='ocrx_word' id='word_1_319' title='bbox 309 2850 498 2881; x_wconf 84' lang='lat' dir='ltr'>missionem</span> <span class='ocrx_word' id='word_1_320' title='bbox 525 2850 702 2883; x_wconf 75' lang='lat' dir='ltr'>sollicitari</span> <span class='ocrx_word' id='word_1_321' title='bbox 731 2850 776 2882; x_wconf 81' lang='lat' dir='ltr'>ad</span> <span class='ocrx_word' id='word_1_322' title='bbox 803 2859 858 2882; x_wconf 87' lang='lat' dir='ltr'>res</span> <span class='ocrx_word' id='word_1_323' title='bbox 877 2858 984 2882; x_wconf 84' lang='lat' dir='ltr'>novas</span> <span class='ocrx_word' id='word_1_324' title='bbox 999 2857 1082 2890; x_wconf 85' lang='lat' dir='ltr'>pos-</span> 
     </span>
     <span class='ocr_line' id='line_1_42' title="bbox 211 2900 1082 2943; baseline -0.002 -9"><span class='ocrx_word' id='word_1_325' title='bbox 211 2903 304 2940; x_wconf 81' lang='lat' dir='ltr'>sent,</span> <span class='ocrx_word' id='word_1_326' title='bbox 328 2903 608 2940; x_wconf 74' lang='lat' dir='ltr'>utqueperpetuo</span> <span class='ocrx_word' id='word_1_327' title='bbox 629 2909 672 2933; x_wconf 83' lang='lat' dir='ltr'>ac</span> <span class='ocrx_word' id='word_1_328' title='bbox 691 2901 762 2933; x_wconf 87' lang='lat' dir='ltr'>sine</span> <span class='ocrx_word' id='word_1_329' title='bbox 782 2900 1082 2943; x_wconf 72' lang='lat' dir='ltr'>difficultatesum-</span> 
     </span>
     <span class='ocr_line' id='line_1_43' title="bbox 206 2949 1083 2992; baseline 0 -9"><span class='ocrx_word' id='word_1_330' title='bbox 206 2954 288 2992; x_wconf 84' lang='lat' dir='ltr'>ptus</span> <span class='ocrx_word' id='word_1_331' title='bbox 308 2949 354 2982; x_wconf 81' lang='lat' dir='ltr'>ad</span> <span class='ocrx_word' id='word_1_332' title='bbox 374 2949 512 2981; x_wconf 67' lang='lat' dir='ltr'>mado:</span> <span class='ocrx_word' id='word_1_333' title='bbox 532 2958 587 2982; x_wconf 85' lang='lat' dir='ltr'>eos</span> <span class='ocrx_word' id='word_1_334' title='bbox 602 2951 912 2991; x_wconf 78' lang='lat' dir='ltr'>prosequendosque</span> <span class='ocrx_word' id='word_1_335' title='bbox 933 2953 1083 2991; x_wconf 63' lang='lat' dir='ltr'>suweto-</span> 
     </span>
     <span class='ocr_line' id='line_1_44' title="bbox 210 2999 1084 3043; baseline -0.001 -9"><span class='ocrx_word' id='word_1_336' title='bbox 210 3004 281 3041; x_wconf 79' lang='lat' dir='ltr'>ret,</span> <span class='ocrx_word' id='word_1_337' title='bbox 305 2999 480 3032; x_wconf 81' lang='lat' dir='ltr'>aerarium</span> <span class='ocrx_word' id='word_1_338' title='bbox 500 3000 647 3034; x_wconf 59' lang='grc' dir='ltr'>Μίδαν-ο</span> <span class='ocrx_word' id='word_1_339' title='bbox 667 3009 744 3033; x_wconf 88' lang='lat' dir='ltr'>cum</span> <span class='ocrx_word' id='word_1_340' title='bbox 758 3000 977 3043; x_wconf 65' lang='lat' dir='ltr'>vectigalibus</span> <span class='ocrx_word' id='word_1_341' title='bbox 989 3001 1084 3033; x_wconf 83' lang='lat' dir='ltr'>novis</span> 
     </span>
     <span class='ocr_line' id='line_1_45' title="bbox 211 3048 1083 3093; baseline 0 -9"><span class='ocrx_word' id='word_1_342' title='bbox 211 3051 367 3084; x_wconf 76' lang='lat' dir='ltr'>instituit.</span> <span class='ocrx_word' id='word_1_343' title='bbox 403 3048 455 3082; x_wconf 81' lang='lat' dir='ltr'>Cf.</span> <span class='ocrx_word' id='word_1_344' title='bbox 479 3049 544 3083; x_wconf 90' lang='lat' dir='ltr'>Dio</span> <span class='ocrx_word' id='word_1_345' title='bbox 566 3051 609 3084; x_wconf 77' lang='lat'>55</span> <span class='ocrx_word' id='word_1_346' title='bbox 622 3076 630 3092; x_wconf 91' lang='lat'>,</span> <span class='ocrx_word' id='word_1_347' title='bbox 653 3050 709 3084; x_wconf 77' lang='grc'><strong>25.</strong></span> <span class='ocrx_word' id='word_1_348' title='bbox 741 3051 927 3093; x_wconf 74' lang='lat' dir='ltr'>Praefectos</span> <span class='ocrx_word' id='word_1_349' title='bbox 955 3051 1083 3084; x_wconf 64' lang='lat' dir='ltr'>aerarii</span> 
     </span>
     <span class='ocr_line' id='line_1_46' title="bbox 211 3098 1079 3135; baseline -0.002 0"><span class='ocrx_word' id='word_1_350' title='bbox 211 3102 371 3135; x_wconf 79' lang='lat' dir='ltr'>militaris</span> <span class='ocrx_word' id='word_1_351' title='bbox 392 3098 561 3132; x_wconf 83' lang='lat' dir='ltr'>exhibent</span> <span class='ocrx_word' id='word_1_352' title='bbox 581 3101 708 3134; x_wconf 87' lang='lat' dir='ltr'>Inscrr.</span> <span class='ocrx_word' id='word_1_353' title='bbox 728 3102 816 3134; x_wconf 82' lang='lat' dir='ltr'>Latt.</span> <span class='ocrx_word' id='word_1_354' title='bbox 834 3110 869 3134; x_wconf 94' lang='lat' dir='ltr'>n.</span> <span class='ocrx_word' id='word_1_355' title='bbox 888 3100 963 3134; x_wconf 92' lang='grc'><strong>946.</strong></span> <span class='ocrx_word' id='word_1_356' title='bbox 982 3101 1079 3133; x_wconf 92' lang='grc'><strong>4474.</strong></span> 
     </span>
     <span class='ocr_line' id='line_1_47' title="bbox 214 3149 1081 3194; baseline -0.002 -10"><span class='ocrx_word' id='word_1_357' title='bbox 214 3151 311 3184; x_wconf 87' lang='grc'><strong>4844.</strong></span> <span class='ocrx_word' id='word_1_358' title='bbox 337 3149 436 3183; x_wconf 83' lang='grc'><strong>6504.</strong></span> <span class='ocrx_word' id='word_1_359' title='bbox 470 3165 507 3172; x_wconf 92' lang='grc'><strong>-</strong></span> <span class='ocrx_word' id='word_1_360' title='bbox 541 3151 680 3183; x_wconf 82' lang='lat' dir='ltr'>sedecim</span> <span class='ocrx_word' id='word_1_361' title='bbox 710 3150 949 3190; x_wconf 70' lang='lat' dir='ltr'>stipendiorwn</span> <span class='ocrx_word' id='word_1_362' title='bbox 972 3151 1081 3194; x_wconf 78' lang='lat' dir='ltr'>tinem]</span> 
     </span>
     <span class='ocr_line' id='line_1_48' title="bbox 213 3199 1082 3242; baseline -0.002 -9"><span class='ocrx_word' id='word_1_363' title='bbox 213 3200 251 3232; x_wconf 89' lang='lat' dir='ltr'>id</span> <span class='ocrx_word' id='word_1_364' title='bbox 279 3202 334 3233; x_wconf 86' lang='lat' dir='ltr'>est</span> <span class='ocrx_word' id='word_1_365' title='bbox 362 3199 471 3232; x_wconf 84' lang='lat' dir='ltr'>finem</span> <span class='ocrx_word' id='word_1_366' title='bbox 501 3200 758 3242; x_wconf 86' lang='lat' dir='ltr'>stipendiorum</span> <span class='ocrx_word' id='word_1_367' title='bbox 786 3208 894 3241; x_wconf 90' lang='lat' dir='ltr'>quem</span> <span class='ocrx_word' id='word_1_368' title='bbox 923 3199 1082 3232; x_wconf 88' lang='lat' dir='ltr'>sedecim</span> 
     </span>
     <span class='ocr_line' id='line_1_49' title="bbox 214 3248 1021 3283; baseline -0.001 -1"><span class='ocrx_word' id='word_1_369' title='bbox 214 3248 357 3283; x_wconf 84' lang='lat' dir='ltr'>militiae</span> <span class='ocrx_word' id='word_1_370' title='bbox 380 3248 463 3282; x_wconf 89' lang='lat' dir='ltr'>anni</span> <span class='ocrx_word' id='word_1_371' title='bbox 485 3249 687 3282; x_wconf 84' lang='lat' dir='ltr'>attulerunt.</span> <span class='ocrx_word' id='word_1_372' title='bbox 714 3249 765 3282; x_wconf 75' lang='lat' dir='ltr'>Cf.</span> <span class='ocrx_word' id='word_1_373' title='bbox 789 3258 821 3282; x_wconf 90' lang='lat' dir='ltr'>c.</span> <span class='ocrx_word' id='word_1_374' title='bbox 846 3250 889 3282; x_wconf 83' lang='lat'>36</span> <span class='ocrx_word' id='word_1_375' title='bbox 911 3250 948 3281; x_wconf 88' lang='lat' dir='ltr'>et</span> <span class='ocrx_word' id='word_1_376' title='bbox 968 3249 1021 3282; x_wconf 85' lang='grc'><strong>52.</strong></span> 
     </span>
     <span class='ocr_line' id='line_1_50' title="bbox 280 3297 1084 3341; baseline -0.002 -8"><span class='ocrx_word' id='word_1_377' title='bbox 280 3300 335 3333; x_wconf 88' lang='grc'><strong>79.</strong></span> <span class='ocrx_word' id='word_1_378' title='bbox 366 3300 409 3333; x_wconf 90' lang='lat' dir='ltr'>ab</span> <span class='ocrx_word' id='word_1_379' title='bbox 429 3298 592 3333; x_wconf 57' lang='lat' dir='ltr'>Anwmtio</span> <span class='ocrx_word' id='word_1_380' title='bbox 614 3303 645 3333; x_wconf 82' lang='lat' dir='ltr'>et</span> <span class='ocrx_word' id='word_1_381' title='bbox 665 3298 769 3341; x_wconf 79' lang='lat' dir='ltr'>Ateio]</span> <span class='ocrx_word' id='word_1_382' title='bbox 801 3299 930 3341; x_wconf 85' lang='lat' dir='ltr'>quibus</span> <span class='ocrx_word' id='word_1_383' title='bbox 956 3297 1084 3332; x_wconf 82' lang='lat' dir='ltr'>ambo-</span> 
     </span>
     <span class='ocr_line' id='line_1_51' title="bbox 218 3347 1081 3389; baseline 0 -8"><span class='ocrx_word' id='word_1_384' title='bbox 218 3347 287 3382; x_wconf 78' lang='lat' dir='ltr'>bus</span> <span class='ocrx_word' id='word_1_385' title='bbox 307 3358 351 3383; x_wconf 80' lang='lat' dir='ltr'>ea</span> <span class='ocrx_word' id='word_1_386' title='bbox 372 3360 458 3384; x_wconf 85' lang='lat' dir='ltr'>cura</span> <span class='ocrx_word' id='word_1_387' title='bbox 482 3353 582 3385; x_wconf 83' lang='lat' dir='ltr'>extra</span> <span class='ocrx_word' id='word_1_388' title='bbox 603 3350 767 3383; x_wconf 88' lang='lat' dir='ltr'>ordinem</span> <span class='ocrx_word' id='word_1_389' title='bbox 790 3350 978 3383; x_wconf 82' lang='lat' dir='ltr'>commissa</span> <span class='ocrx_word' id='word_1_390' title='bbox 994 3350 1081 3389; x_wconf 82' lang='lat' dir='ltr'>erat,</span> 
     </span>
     <span class='ocr_line' id='line_1_52' title="bbox 221 3398 1083 3444; baseline 0.003 -15"><span class='ocrx_word' id='word_1_391' title='bbox 221 3405 255 3430; x_wconf 90' lang='lat' dir='ltr'>c.</span> <span class='ocrx_word' id='word_1_392' title='bbox 277 3398 332 3432; x_wconf 82' lang='grc'><strong>76.</strong></span> <span class='ocrx_word' id='word_1_393' title='bbox 365 3400 475 3434; x_wconf 84' lang='lat' dir='ltr'>Erant</span> <span class='ocrx_word' id='word_1_394' title='bbox 500 3401 605 3444; x_wconf 81' lang='lat' dir='ltr'>igitur</span> <span class='ocrx_word' id='word_1_395' title='bbox 633 3400 671 3433; x_wconf 89' lang='lat' dir='ltr'>hi</span> <span class='ocrx_word' id='word_1_396' title='bbox 699 3398 806 3434; x_wconf 86' lang='lat' dir='ltr'>veluti</span> <span class='ocrx_word' id='word_1_397' title='bbox 829 3399 1005 3433; x_wconf 83' lang='lat' dir='ltr'>duumviri</span> <span class='ocrx_word' id='word_1_398' title='bbox 1030 3399 1083 3432; x_wconf 87' lang='lat' dir='ltr'>rei</span> 
     </span>
     <span class='ocr_line' id='line_1_53' title="bbox 223 3447 1085 3491; baseline -0.003 -6"><span class='ocrx_word' id='word_1_399' title='bbox 223 3450 501 3488; x_wconf 70' lang='lat' dir='ltr'>cognoscendae.</span> <span class='ocrx_word' id='word_1_400' title='bbox 533 3449 635 3491; x_wconf 86' lang='lat' dir='ltr'>Quod</span> <span class='ocrx_word' id='word_1_401' title='bbox 655 3451 775 3484; x_wconf 77' lang='lat' dir='ltr'>autem</span> <span class='ocrx_word' id='word_1_402' title='bbox 788 3450 853 3484; x_wconf 84' lang='lat' dir='ltr'>Dio</span> <span class='ocrx_word' id='word_1_403' title='bbox 867 3449 922 3491; x_wconf 79' lang='lat'>57,</span> <span class='ocrx_word' id='word_1_404' title='bbox 940 3447 982 3483; x_wconf 84' lang='grc'>44</span> <span class='ocrx_word' id='word_1_405' title='bbox 1004 3457 1085 3482; x_wconf 77' lang='lat' dir='ltr'>nar-</span> 
     </span>
    </p>
   </div>
   <div class='ocr_carea' id='block_1_7' title="bbox 1124 1793 2002 3482">
    <p class='ocr_par' dir='ltr' id='par_1_8' title="bbox 1124 1793 2002 3482">
     <span class='ocr_line' id='line_1_54' title="bbox 1124 1793 1995 1843; baseline 0.002 -13"><span class='ocrx_word' id='word_1_406' title='bbox 1124 1798 1198 1838; x_wconf 86' lang='lat' dir='ltr'>rat,</span> <span class='ocrx_word' id='word_1_407' title='bbox 1223 1797 1332 1830; x_wconf 75' lang='grc' dir='ltr'><strong><em>πέντε</em></strong></span> <span class='ocrx_word' id='word_1_408' title='bbox 1353 1793 1414 1830; x_wconf 78' lang='grc' dir='ltr'>ἀεὶ</span> <span class='ocrx_word' id='word_1_409' title='bbox 1436 1794 1649 1839; x_wconf 80' lang='grc' dir='ltr'><em>βουλευτὰς</em></span> <span class='ocrx_word' id='word_1_410' title='bbox 1670 1796 1891 1843; x_wconf 82' lang='grc' dir='ltr'><strong><em>κληρωτοὺς</em></strong></span> <span class='ocrx_word' id='word_1_411' title='bbox 1913 1797 1995 1832; x_wconf 79' lang='grc' dir='ltr'><em>ἐπι-</em></span> 
     </span>
     <span class='ocr_line' id='line_1_55' title="bbox 1124 1846 1997 1896; baseline 0.003 -16"><span class='ocrx_word' id='word_1_412' title='bbox 1124 1847 1326 1891; x_wconf 80' lang='grc' dir='ltr'><em>μελεῖσθαι</em></span> <span class='ocrx_word' id='word_1_413' title='bbox 1347 1847 1418 1881; x_wconf 78' lang='grc' dir='ltr'>τοῦ</span> <span class='ocrx_word' id='word_1_414' title='bbox 1442 1847 1619 1891; x_wconf 81' lang='grc' dir='ltr'><em>ποταμοῦ</em></span> <span class='ocrx_word' id='word_1_415' title='bbox 1643 1846 1894 1896; x_wconf 75' lang='grc' dir='ltr'><em>προσέταξεν,</em></span> <span class='ocrx_word' id='word_1_416' title='bbox 1926 1851 1997 1883; x_wconf 90' lang='lat' dir='ltr'>mi-</span> 
     </span>
     <span class='ocr_line' id='line_1_56' title="bbox 1125 1897 1997 1941; baseline 0.003 -11"><span class='ocrx_word' id='word_1_417' title='bbox 1125 1899 1220 1931; x_wconf 88' lang='lat' dir='ltr'>nime</span> <span class='ocrx_word' id='word_1_418' title='bbox 1248 1898 1331 1930; x_wconf 89' lang='lat' dir='ltr'>huic</span> <span class='ocrx_word' id='word_1_419' title='bbox 1358 1897 1436 1931; x_wconf 92' lang='lat' dir='ltr'>loco</span> <span class='ocrx_word' id='word_1_420' title='bbox 1466 1900 1656 1941; x_wconf 88' lang='lat' dir='ltr'>repugnat,</span> <span class='ocrx_word' id='word_1_421' title='bbox 1688 1899 1754 1932; x_wconf 91' lang='lat' dir='ltr'>sed</span> <span class='ocrx_word' id='word_1_422' title='bbox 1776 1899 1929 1933; x_wconf 88' lang='lat' dir='ltr'>refertur</span> <span class='ocrx_word' id='word_1_423' title='bbox 1950 1900 1997 1932; x_wconf 88' lang='lat' dir='ltr'>ad</span> 
     </span>
     <span class='ocr_line' id='line_1_57' title="bbox 1126 1949 1997 1991; baseline 0.002 -10"><span class='ocrx_word' id='word_1_424' title='bbox 1126 1953 1298 1982; x_wconf 80' lang='lat' dir='ltr'>curatores</span> <span class='ocrx_word' id='word_1_425' title='bbox 1320 1949 1406 1982; x_wconf 81' lang='lat' dir='ltr'>alvei</span> <span class='ocrx_word' id='word_1_426' title='bbox 1431 1949 1554 1983; x_wconf 85' lang='lat' dir='ltr'>Tiberis</span> <span class='ocrx_word' id='word_1_427' title='bbox 1574 1954 1607 1983; x_wconf 88' lang='lat' dir='ltr'>et</span> <span class='ocrx_word' id='word_1_428' title='bbox 1630 1952 1786 1991; x_wconf 82' lang='lat' dir='ltr'>riparum</span> <span class='ocrx_word' id='word_1_429' title='bbox 1808 1954 1840 1983; x_wconf 87' lang='lat' dir='ltr'>et</span> <span class='ocrx_word' id='word_1_430' title='bbox 1862 1952 1997 1983; x_wconf 85' lang='lat' dir='ltr'>cloaca-</span> 
     </span>
     <span class='ocr_line' id='line_1_58' title="bbox 1125 1999 1996 2043; baseline 0.002 -11"><span class='ocrx_word' id='word_1_431' title='bbox 1125 2009 1203 2032; x_wconf 85' lang='lat' dir='ltr'>rum</span> <span class='ocrx_word' id='word_1_432' title='bbox 1237 1999 1352 2039; x_wconf 88' lang='lat' dir='ltr'>urbis,</span> <span class='ocrx_word' id='word_1_433' title='bbox 1392 1999 1598 2041; x_wconf 80' lang='lat' dir='ltr'>frequenter</span> <span class='ocrx_word' id='word_1_434' title='bbox 1634 2001 1670 2032; x_wconf 93' lang='lat' dir='ltr'>in</span> <span class='ocrx_word' id='word_1_435' title='bbox 1706 2000 1996 2043; x_wconf 88' lang='lat' dir='ltr'>Inscriptionibus</span> 
     </span>
     <span class='ocr_line' id='line_1_59' title="bbox 1128 2051 1995 2090; baseline 0.002 -7"><span class='ocrx_word' id='word_1_436' title='bbox 1128 2051 1364 2090; x_wconf 84' lang='lat' dir='ltr'>memoratos,</span> <span class='ocrx_word' id='word_1_437' title='bbox 1388 2052 1428 2082; x_wconf 84' lang='lat' dir='ltr'>ut</span> <span class='ocrx_word' id='word_1_438' title='bbox 1450 2059 1509 2083; x_wconf 90' lang='lat' dir='ltr'>nn.</span> <span class='ocrx_word' id='word_1_439' title='bbox 1536 2051 1632 2083; x_wconf 89' lang='grc'><strong>4472.</strong></span> <span class='ocrx_word' id='word_1_440' title='bbox 1658 2051 1756 2085; x_wconf 82' lang='grc'><strong>2284.</strong></span> <span class='ocrx_word' id='word_1_441' title='bbox 1781 2051 1879 2085; x_wconf 83' lang='grc'><strong>5480.</strong></span> <span class='ocrx_word' id='word_1_442' title='bbox 1898 2052 1995 2086; x_wconf 81' lang='grc'><strong>6495.</strong></span> 
     </span>
     <span class='ocr_line' id='line_1_60' title="bbox 1131 2100 1999 2146; baseline 0.005 -14"><span class='ocrx_word' id='word_1_443' title='bbox 1131 2118 1167 2124; x_wconf 84' lang='lat'>-</span> <span class='ocrx_word' id='word_1_444' title='bbox 1191 2100 1409 2141; x_wconf 80' lang='lat' dir='ltr'>verterentur]</span> <span class='ocrx_word' id='word_1_445' title='bbox 1434 2109 1477 2133; x_wconf 91' lang='lat' dir='ltr'>ex</span> <span class='ocrx_word' id='word_1_446' title='bbox 1500 2100 1601 2134; x_wconf 89' lang='lat' dir='ltr'>solito</span> <span class='ocrx_word' id='word_1_447' title='bbox 1625 2100 1725 2134; x_wconf 88' lang='lat' dir='ltr'>alveo</span> <span class='ocrx_word' id='word_1_448' title='bbox 1747 2102 1783 2135; x_wconf 91' lang='lat' dir='ltr'>in</span> <span class='ocrx_word' id='word_1_449' title='bbox 1801 2102 1904 2136; x_wconf 90' lang='lat' dir='ltr'>aliam</span> <span class='ocrx_word' id='word_1_450' title='bbox 1919 2112 1999 2146; x_wconf 91' lang='lat' dir='ltr'>par-</span> 
     </span>
     <span class='ocr_line' id='line_1_61' title="bbox 1128 2151 1999 2194; baseline 0.003 -11"><span class='ocrx_word' id='word_1_451' title='bbox 1128 2151 1221 2191; x_wconf 90' lang='lat' dir='ltr'>tem;</span> <span class='ocrx_word' id='word_1_452' title='bbox 1249 2160 1294 2184; x_wconf 86' lang='lat' dir='ltr'>an</span> <span class='ocrx_word' id='word_1_453' title='bbox 1315 2151 1503 2183; x_wconf 90' lang='lat' dir='ltr'>fluminum</span> <span class='ocrx_word' id='word_1_454' title='bbox 1526 2159 1652 2184; x_wconf 89' lang='lat' dir='ltr'>cursus</span> <span class='ocrx_word' id='word_1_455' title='bbox 1675 2151 1894 2194; x_wconf 86' lang='lat' dir='ltr'>aliquantum</span> <span class='ocrx_word' id='word_1_456' title='bbox 1916 2161 1999 2186; x_wconf 91' lang='lat' dir='ltr'>mu-</span> 
     </span>
     <span class='ocr_line' id='line_1_62' title="bbox 1128 2202 2000 2246; baseline 0.003 -12"><span class='ocrx_word' id='word_1_457' title='bbox 1128 2202 1263 2235; x_wconf 88' lang='lat' dir='ltr'>taretur</span> <span class='ocrx_word' id='word_1_458' title='bbox 1284 2208 1391 2243; x_wconf 80' lang='lat' dir='ltr'>atque</span> <span class='ocrx_word' id='word_1_459' title='bbox 1415 2202 1661 2243; x_wconf 83' lang='lat' dir='ltr'>corrigeretur.</span> <span class='ocrx_word' id='word_1_460' title='bbox 1681 2219 1716 2226; x_wconf 91' lang='lat'>——</span> <span class='ocrx_word' id='word_1_461' title='bbox 1741 2202 1894 2246; x_wconf 76' lang='lat' dir='ltr'>ttwnina]</span> <span class='ocrx_word' id='word_1_462' title='bbox 1919 2202 2000 2237; x_wconf 86' lang='lat' dir='ltr'>Cla-</span> 
     </span>
     <span class='ocr_line' id='line_1_63' title="bbox 1129 2250 1997 2294; baseline 0.002 -10"><span class='ocrx_word' id='word_1_463' title='bbox 1129 2253 1200 2293; x_wconf 90' lang='lat' dir='ltr'>nis,</span> <span class='ocrx_word' id='word_1_464' title='bbox 1233 2253 1319 2293; x_wconf 87' lang='lat' dir='ltr'>Nar,</span> <span class='ocrx_word' id='word_1_465' title='bbox 1350 2252 1465 2291; x_wconf 89' lang='lat' dir='ltr'>Tinia,</span> <span class='ocrx_word' id='word_1_466' title='bbox 1498 2250 1661 2292; x_wconf 87' lang='lat' dir='ltr'>Faberis,</span> <span class='ocrx_word' id='word_1_467' title='bbox 1685 2251 1789 2294; x_wconf 85' lang='lat' dir='ltr'>Allia,</span> <span class='ocrx_word' id='word_1_468' title='bbox 1815 2254 1997 2294; x_wconf 89' lang='lat' dir='ltr'>Cremera,</span> 
     </span>
     <span class='ocr_line' id='line_1_64' title="bbox 1128 2301 1999 2345; baseline 0 -11"><span class='ocrx_word' id='word_1_469' title='bbox 1128 2302 1229 2334; x_wconf 85' lang='lat' dir='ltr'>Anio.</span> <span class='ocrx_word' id='word_1_470' title='bbox 1266 2302 1434 2334; x_wconf 89' lang='lat' dir='ltr'>Ceterum</span> <span class='ocrx_word' id='word_1_471' title='bbox 1463 2309 1578 2343; x_wconf 88' lang='lat' dir='ltr'>usque</span> <span class='ocrx_word' id='word_1_472' title='bbox 1611 2301 1657 2334; x_wconf 88' lang='lat' dir='ltr'>ad</span> <span class='ocrx_word' id='word_1_473' title='bbox 1686 2303 1808 2335; x_wconf 87' lang='lat' dir='ltr'>nostra</span> <span class='ocrx_word' id='word_1_474' title='bbox 1837 2304 1999 2345; x_wconf 88' lang='lat' dir='ltr'>tempora</span> 
     </span>
     <span class='ocr_line' id='line_1_65' title="bbox 1130 2351 2000 2394; baseline 0 -10"><span class='ocrx_word' id='word_1_475' title='bbox 1130 2360 1304 2394; x_wconf 87' lang='lat' dir='ltr'>aquarum</span> <span class='ocrx_word' id='word_1_476' title='bbox 1331 2351 1468 2384; x_wconf 88' lang='lat' dir='ltr'>illarum</span> <span class='ocrx_word' id='word_1_477' title='bbox 1498 2360 1541 2384; x_wconf 85' lang='lat' dir='ltr'>ac</span> <span class='ocrx_word' id='word_1_478' title='bbox 1568 2351 1739 2394; x_wconf 87' lang='lat' dir='ltr'>paludum</span> <span class='ocrx_word' id='word_1_479' title='bbox 1769 2352 2000 2386; x_wconf 89' lang='lat' dir='ltr'>damnosissi—</span> 
     </span>
     <span class='ocr_line' id='line_1_66' title="bbox 1130 2401 2001 2436; baseline 0.002 -1"><span class='ocrx_word' id='word_1_480' title='bbox 1130 2411 1210 2435; x_wconf 84' lang='lat' dir='ltr'>mae</span> <span class='ocrx_word' id='word_1_481' title='bbox 1228 2403 1375 2435; x_wconf 87' lang='lat' dir='ltr'>manent</span> <span class='ocrx_word' id='word_1_482' title='bbox 1389 2401 1623 2435; x_wconf 82' lang='lat' dir='ltr'>difficultates.</span> <span class='ocrx_word' id='word_1_483' title='bbox 1648 2402 1737 2436; x_wconf 91' lang='lat' dir='ltr'>Vide</span> <span class='ocrx_word' id='word_1_484' title='bbox 1753 2403 1899 2436; x_wconf 76' lang='lat' dir='ltr'>Vitiorio</span> <span class='ocrx_word' id='word_1_485' title='bbox 1914 2404 2001 2436; x_wconf 91' lang='lat' dir='ltr'>Fos-</span> 
     </span>
     <span class='ocr_line' id='line_1_67' title="bbox 1130 2452 2002 2486; baseline 0 -1"><span class='ocrx_word' id='word_1_486' title='bbox 1130 2452 1313 2486; x_wconf 90' lang='lat' dir='ltr'>sombroni</span> <span class='ocrx_word' id='word_1_487' title='bbox 1341 2453 1501 2486; x_wconf 80' lang='lat' dir='ltr'>Memorie</span> <span class='ocrx_word' id='word_1_488' title='bbox 1528 2453 1697 2485; x_wconf 81' lang='lat' dir='ltr'>idraulico</span> <span class='ocrx_word' id='word_1_489' title='bbox 1712 2454 1885 2486; x_wconf 80' lang='lat' dir='ltr'>-storiche</span> <span class='ocrx_word' id='word_1_490' title='bbox 1914 2454 2002 2486; x_wconf 84' lang='lat' dir='ltr'>sulla</span> 
     </span>
     <span class='ocr_line' id='line_1_68' title="bbox 1132 2502 2000 2545; baseline 0 -9"><span class='ocrx_word' id='word_1_491' title='bbox 1132 2503 1410 2536; x_wconf 80' lang='lat' dir='ltr'>Val-di-Chiana.</span> <span class='ocrx_word' id='word_1_492' title='bbox 1426 2502 1564 2535; x_wconf 82' lang='lat' dir='ltr'>Firenze</span> <span class='ocrx_word' id='word_1_493' title='bbox 1580 2503 1676 2535; x_wconf 73' lang='lat'>4789.</span> <span class='ocrx_word' id='word_1_494' title='bbox 1695 2520 1732 2526; x_wconf 91' lang='lat'>—</span> <span class='ocrx_word' id='word_1_495' title='bbox 1752 2503 1872 2545; x_wconf 83' lang='lat' dir='ltr'>Clanis]</span> <span class='ocrx_word' id='word_1_496' title='bbox 1894 2503 2000 2536; x_wconf 89' lang='lat' dir='ltr'>hodie</span> 
     </span>
     <span class='ocr_line' id='line_1_69' title="bbox 1130 2551 2001 2595; baseline 0.001 -10"><span class='ocrx_word' id='word_1_497' title='bbox 1130 2552 1270 2585; x_wconf 75' lang='lat' dir='ltr'>Chiana.</span> <span class='ocrx_word' id='word_1_498' title='bbox 1292 2552 1416 2588; x_wconf 76' lang='lat' dir='ltr'>‚Oritur</span> <span class='ocrx_word' id='word_1_499' title='bbox 1437 2551 1532 2594; x_wconf 89' lang='lat' dir='ltr'>apud</span> <span class='ocrx_word' id='word_1_500' title='bbox 1553 2552 1731 2586; x_wconf 87' lang='lat' dir='ltr'>Arretium</span> <span class='ocrx_word' id='word_1_501' title='bbox 1755 2554 1791 2586; x_wconf 90' lang='lat' dir='ltr'>et</span> <span class='ocrx_word' id='word_1_502' title='bbox 1811 2554 1942 2595; x_wconf 82' lang='lat' dir='ltr'>partim</span> <span class='ocrx_word' id='word_1_503' title='bbox 1963 2553 2001 2586; x_wconf 91' lang='lat' dir='ltr'>in</span> 
     </span>
     <span class='ocr_line' id='line_1_70' title="bbox 1129 2601 2002 2645; baseline 0.001 -10"><span class='ocrx_word' id='word_1_504' title='bbox 1129 2602 1281 2642; x_wconf 83' lang='lat' dir='ltr'>Arnum,</span> <span class='ocrx_word' id='word_1_505' title='bbox 1316 2602 1445 2644; x_wconf 85' lang='lat' dir='ltr'>partim</span> <span class='ocrx_word' id='word_1_506' title='bbox 1477 2602 1514 2634; x_wconf 93' lang='lat' dir='ltr'>in</span> <span class='ocrx_word' id='word_1_507' title='bbox 1543 2601 1698 2635; x_wconf 89' lang='lat' dir='ltr'>Tiberim</span> <span class='ocrx_word' id='word_1_508' title='bbox 1725 2611 1836 2645; x_wconf 88' lang='lat' dir='ltr'>prope</span> <span class='ocrx_word' id='word_1_509' title='bbox 1867 2603 2002 2636; x_wconf 87' lang='lat' dir='ltr'>Orvieto</span> 
     </span>
     <span class='ocr_line' id='line_1_71' title="bbox 1131 2651 1996 2695; baseline 0.002 -10"><span class='ocrx_word' id='word_1_510' title='bbox 1131 2652 1334 2686; x_wconf 82' lang='lat' dir='ltr'>effunditur.</span> <span class='ocrx_word' id='word_1_511' title='bbox 1368 2669 1405 2676; x_wconf 89' lang='lat'><strong>—</strong></span> <span class='ocrx_word' id='word_1_512' title='bbox 1439 2651 1578 2694; x_wconf 82' lang='lat' dir='ltr'>Arnum]</span> <span class='ocrx_word' id='word_1_513' title='bbox 1612 2652 1792 2695; x_wconf 88' lang='lat' dir='ltr'>hodieque</span> <span class='ocrx_word' id='word_1_514' title='bbox 1824 2653 1928 2687; x_wconf 79' lang='lat' dir='ltr'>Arno.</span> <span class='ocrx_word' id='word_1_515' title='bbox 1959 2671 1996 2677; x_wconf 97' lang='lat'><strong>—</strong></span> 
     </span>
     <span class='ocr_line' id='line_1_72' title="bbox 1129 2701 1999 2746; baseline 0.001 -11"><span class='ocrx_word' id='word_1_516' title='bbox 1129 2701 1378 2743; x_wconf 84' lang='lat' dir='ltr'>Interamnates]</span> <span class='ocrx_word' id='word_1_517' title='bbox 1410 2702 1603 2734; x_wconf 85' lang='lat' dir='ltr'>Interamna</span> <span class='ocrx_word' id='word_1_518' title='bbox 1627 2702 1747 2743; x_wconf 90' lang='lat' dir='ltr'>(hodie</span> <span class='ocrx_word' id='word_1_519' title='bbox 1776 2703 1887 2746; x_wconf 87' lang='lat' dir='ltr'>Terni]</span> <span class='ocrx_word' id='word_1_520' title='bbox 1914 2705 1999 2738; x_wconf 92' lang='lat' dir='ltr'>Um-</span> 
     </span>
     <span class='ocr_line' id='line_1_73' title="bbox 1130 2751 1998 2794; baseline 0 -9"><span class='ocrx_word' id='word_1_521' title='bbox 1130 2752 1229 2785; x_wconf 87' lang='lat' dir='ltr'>briae</span> <span class='ocrx_word' id='word_1_522' title='bbox 1245 2751 1414 2794; x_wconf 90' lang='lat' dir='ltr'>oppidum</span> <span class='ocrx_word' id='word_1_523' title='bbox 1430 2751 1475 2784; x_wconf 88' lang='lat' dir='ltr'>ad</span> <span class='ocrx_word' id='word_1_524' title='bbox 1490 2752 1616 2784; x_wconf 88' lang='lat' dir='ltr'>Narem</span> <span class='ocrx_word' id='word_1_525' title='bbox 1626 2751 1746 2794; x_wconf 87' lang='lat' dir='ltr'>(Nera)</span> <span class='ocrx_word' id='word_1_526' title='bbox 1762 2752 1884 2785; x_wconf 89' lang='lat' dir='ltr'>situm:</span> <span class='ocrx_word' id='word_1_527' title='bbox 1901 2753 1998 2785; x_wconf 88' lang='lat' dir='ltr'>unde</span> 
     </span>
     <span class='ocr_line' id='line_1_74' title="bbox 1129 2802 1995 2843; baseline 0.001 -10"><span class='ocrx_word' id='word_1_528' title='bbox 1129 2802 1165 2834; x_wconf 90' lang='lat' dir='ltr'>in</span> <span class='ocrx_word' id='word_1_529' title='bbox 1187 2802 1412 2843; x_wconf 87' lang='lat' dir='ltr'>inscriptione</span> <span class='ocrx_word' id='word_1_530' title='bbox 1435 2802 1658 2833; x_wconf 88' lang='lat' dir='ltr'>Interamnae</span> <span class='ocrx_word' id='word_1_531' title='bbox 1679 2803 1823 2843; x_wconf 88' lang='lat' dir='ltr'>reperta</span> <span class='ocrx_word' id='word_1_532' title='bbox 1836 2811 1871 2834; x_wconf 89' lang='lat' dir='ltr'>n.</span> <span class='ocrx_word' id='word_1_533' title='bbox 1890 2802 1995 2834; x_wconf 82' lang='grc' dir='ltr'><strong>324οτ</strong></span> 
     </span>
     <span class='ocr_line' id='line_1_75' title="bbox 1130 2845 2000 2885; baseline 0 0"><span class='ocrx_word' id='word_1_534' title='bbox 1130 2853 1167 2885; x_wconf 93' lang='lat' dir='ltr'>L.</span> <span class='ocrx_word' id='word_1_535' title='bbox 1192 2852 1322 2885; x_wconf 84' lang='lat' dir='ltr'>DEPIO</span> <span class='ocrx_word' id='word_1_536' title='bbox 1351 2851 1538 2884; x_wconf 80' lang='lat' dir='ltr'><em>CVRATOR</em></span> <span class='ocrx_word' id='word_1_537' title='bbox 1570 2845 1702 2884; x_wconf 78' lang='lat' dir='ltr'>AL&#39;VEI</span> <span class='ocrx_word' id='word_1_538' title='bbox 1726 2852 1785 2884; x_wconf 86' lang='lat' dir='ltr'>ET</span> <span class='ocrx_word' id='word_1_539' title='bbox 1810 2852 2000 2885; x_wconf 83' lang='lat' dir='ltr'>RIPARVM</span> 
     </span>
     <span class='ocr_line' id='line_1_76' title="bbox 1129 2900 1993 2942; baseline -0.002 -7"><span class='ocrx_word' id='word_1_540' title='bbox 1129 2902 1268 2935; x_wconf 78' lang='lat' dir='ltr'>NARIS.</span> <span class='ocrx_word' id='word_1_541' title='bbox 1287 2917 1323 2924; x_wconf 90' lang='lat'>—</span> <span class='ocrx_word' id='word_1_542' title='bbox 1348 2909 1409 2933; x_wconf 89' lang='lat' dir='ltr'>nec</span> <span class='ocrx_word' id='word_1_543' title='bbox 1430 2901 1560 2933; x_wconf 85' lang='lat' dir='ltr'>Reatini</span> <span class='ocrx_word' id='word_1_544' title='bbox 1581 2900 1721 2934; x_wconf 76' lang='lat' dir='ltr'>silebant</span> <span class='ocrx_word' id='word_1_545' title='bbox 1740 2900 1824 2942; x_wconf 87' lang='lat' dir='ltr'>cet.]</span> <span class='ocrx_word' id='word_1_546' title='bbox 1851 2901 1902 2935; x_wconf 85' lang='lat' dir='ltr'>Cf.</span> <span class='ocrx_word' id='word_1_547' title='bbox 1922 2901 1993 2934; x_wconf 90' lang='lat' dir='ltr'>Cic.</span> 
     </span>
     <span class='ocr_line' id='line_1_77' title="bbox 1130 2950 1995 2994; baseline -0.002 -9"><span class='ocrx_word' id='word_1_548' title='bbox 1130 2951 1177 2985; x_wconf 87' lang='lat' dir='ltr'>ad</span> <span class='ocrx_word' id='word_1_549' title='bbox 1199 2953 1268 2984; x_wconf 89' lang='lat' dir='ltr'>Att.</span> <span class='ocrx_word' id='word_1_550' title='bbox 1285 2950 1326 2991; x_wconf 82' lang='grc'>4,</span> <span class='ocrx_word' id='word_1_551' title='bbox 1351 2951 1410 2990; x_wconf 81' lang='grc'>45,</span> <span class='ocrx_word' id='word_1_552' title='bbox 1432 2951 1470 2983; x_wconf 77' lang='lat'>5:</span> <span class='ocrx_word' id='word_1_553' title='bbox 1494 2951 1626 2984; x_wconf 75' lang='lat' dir='ltr'>Reatini</span> <span class='ocrx_word' id='word_1_554' title='bbox 1646 2959 1698 2983; x_wconf 88' lang='lat' dir='ltr'>me</span> <span class='ocrx_word' id='word_1_555' title='bbox 1720 2951 1765 2983; x_wconf 84' lang='lat' dir='ltr'>ad</span> <span class='ocrx_word' id='word_1_556' title='bbox 1786 2959 1850 2983; x_wconf 84' lang='lat' dir='ltr'>sua</span> <span class='ocrx_word' id='word_1_557' title='bbox 1870 2951 1995 2994; x_wconf 80' lang='grc' dir='ltr'><em>τέμπη</em></span> 
     </span>
     <span class='ocr_line' id='line_1_78' title="bbox 1129 3000 1997 3042; baseline -0.001 -8"><span class='ocrx_word' id='word_1_558' title='bbox 1129 3002 1319 3040; x_wconf 70' lang='lat' dir='ltr'>duxerunt,</span> <span class='ocrx_word' id='word_1_559' title='bbox 1350 3002 1389 3032; x_wconf 88' lang='lat' dir='ltr'>ut</span> <span class='ocrx_word' id='word_1_560' title='bbox 1409 3008 1542 3042; x_wconf 63' lang='lat' dir='ltr'>agerem</span> <span class='ocrx_word' id='word_1_561' title='bbox 1563 3009 1702 3033; x_wconf 83' lang='lat' dir='ltr'>causam</span> <span class='ocrx_word' id='word_1_562' title='bbox 1726 3004 1844 3034; x_wconf 84' lang='lat' dir='ltr'>contra</span> <span class='ocrx_word' id='word_1_563' title='bbox 1863 3000 1997 3033; x_wconf 66' lang='lat' dir='ltr'>Intera-</span> 
     </span>
     <span class='ocr_line' id='line_1_79' title="bbox 1129 3049 1997 3092; baseline 0.001 -10"><span class='ocrx_word' id='word_1_564' title='bbox 1129 3053 1257 3083; x_wconf 85' lang='lat' dir='ltr'>mnates</span> <span class='ocrx_word' id='word_1_565' title='bbox 1278 3049 1370 3090; x_wconf 83' lang='lat' dir='ltr'>apud</span> <span class='ocrx_word' id='word_1_566' title='bbox 1391 3049 1555 3082; x_wconf 85' lang='lat' dir='ltr'>consulem</span> <span class='ocrx_word' id='word_1_567' title='bbox 1576 3052 1608 3082; x_wconf 88' lang='lat' dir='ltr'>et</span> <span class='ocrx_word' id='word_1_568' title='bbox 1624 3050 1733 3083; x_wconf 87' lang='lat' dir='ltr'>decem</span> <span class='ocrx_word' id='word_1_569' title='bbox 1746 3050 1883 3092; x_wconf 70' lang='lat' dir='ltr'>teyatos,</span> <span class='ocrx_word' id='word_1_570' title='bbox 1908 3050 1997 3091; x_wconf 78' lang='lat' dir='ltr'>quod</span> 
     </span>
     <span class='ocr_line' id='line_1_80' title="bbox 1129 3099 1996 3141; baseline -0.001 -9"><span class='ocrx_word' id='word_1_571' title='bbox 1129 3101 1222 3133; x_wconf 86' lang='lat' dir='ltr'>lacus</span> <span class='ocrx_word' id='word_1_572' title='bbox 1246 3099 1377 3133; x_wconf 84' lang='lat' dir='ltr'>Velinus</span> <span class='ocrx_word' id='word_1_573' title='bbox 1399 3099 1507 3141; x_wconf 86' lang='lat' dir='ltr'>(inter</span> <span class='ocrx_word' id='word_1_574' title='bbox 1531 3099 1659 3140; x_wconf 86' lang='lat' dir='ltr'>Reate,</span> <span class='ocrx_word' id='word_1_575' title='bbox 1690 3100 1792 3139; x_wconf 81' lang='lat' dir='ltr'>Rieti,</span> <span class='ocrx_word' id='word_1_576' title='bbox 1825 3100 1860 3131; x_wconf 91' lang='lat' dir='ltr'>et</span> <span class='ocrx_word' id='word_1_577' title='bbox 1881 3099 1996 3131; x_wconf 86' lang='lat' dir='ltr'>Inter-</span> 
     </span>
     <span class='ocr_line' id='line_1_81' title="bbox 1132 3148 1996 3191; baseline 0 -9"><span class='ocrx_word' id='word_1_578' title='bbox 1132 3158 1292 3191; x_wconf 85' lang='lat' dir='ltr'>amnam,</span> <span class='ocrx_word' id='word_1_579' title='bbox 1316 3149 1421 3182; x_wconf 87' lang='lat' dir='ltr'>hodie</span> <span class='ocrx_word' id='word_1_580' title='bbox 1442 3148 1499 3182; x_wconf 77' lang='lat' dir='ltr'>Pie</span> <span class='ocrx_word' id='word_1_581' title='bbox 1513 3149 1547 3182; x_wconf 80' lang='lat' dir='ltr'>di</span> <span class='ocrx_word' id='word_1_582' title='bbox 1562 3150 1651 3182; x_wconf 87' lang='lat' dir='ltr'>Luco</span> <span class='ocrx_word' id='word_1_583' title='bbox 1665 3157 1693 3182; x_wconf 94' lang='lat' dir='ltr'>s.</span> <span class='ocrx_word' id='word_1_584' title='bbox 1710 3150 1787 3190; x_wconf 72' lang='lat' dir='ltr'>layo</span> <span class='ocrx_word' id='word_1_585' title='bbox 1802 3149 1883 3181; x_wconf 81' lang='lat' dir='ltr'>delle</span> <span class='ocrx_word' id='word_1_586' title='bbox 1895 3149 1996 3182; x_wconf 75' lang='lat' dir='ltr'>Mar-</span> 
     </span>
     <span class='ocr_line' id='line_1_82' title="bbox 1131 3198 1997 3241; baseline 0.001 -10"><span class='ocrx_word' id='word_1_587' title='bbox 1131 3198 1235 3241; x_wconf 88' lang='lat' dir='ltr'>more)</span> <span class='ocrx_word' id='word_1_588' title='bbox 1258 3209 1281 3232; x_wconf 91' lang='lat' dir='ltr'>a</span> <span class='ocrx_word' id='word_1_589' title='bbox 1301 3199 1418 3232; x_wconf 79' lang='lat' dir='ltr'>Manio</span> <span class='ocrx_word' id='word_1_590' title='bbox 1433 3198 1534 3232; x_wconf 62' lang='lat' dir='ltr'>Curio</span> <span class='ocrx_word' id='word_1_591' title='bbox 1555 3200 1693 3231; x_wconf 87' lang='lat' dir='ltr'>emissus</span> <span class='ocrx_word' id='word_1_592' title='bbox 1713 3199 1869 3230; x_wconf 84' lang='lat' dir='ltr'>interciso</span> <span class='ocrx_word' id='word_1_593' title='bbox 1885 3201 1997 3232; x_wconf 81' lang='lat' dir='ltr'>monte</span> 
     </span>
     <span class='ocr_line' id='line_1_83' title="bbox 1129 3246 1997 3291; baseline 0 -10"><span class='ocrx_word' id='word_1_594' title='bbox 1129 3249 1166 3281; x_wconf 86' lang='lat' dir='ltr'>in</span> <span class='ocrx_word' id='word_1_595' title='bbox 1186 3249 1313 3281; x_wconf 85' lang='lat' dir='ltr'>Narem</span> <span class='ocrx_word' id='word_1_596' title='bbox 1333 3249 1458 3291; x_wconf 80' lang='lat' dir='ltr'>defluit.</span> <span class='ocrx_word' id='word_1_597' title='bbox 1481 3247 1567 3280; x_wconf 91' lang='lat' dir='ltr'>Plin.</span> <span class='ocrx_word' id='word_1_598' title='bbox 1591 3248 1632 3280; x_wconf 90' lang='lat' dir='ltr'>N.</span> <span class='ocrx_word' id='word_1_599' title='bbox 1653 3248 1695 3280; x_wconf 88' lang='lat' dir='ltr'>H.</span> <span class='ocrx_word' id='word_1_600' title='bbox 1720 3247 1751 3287; x_wconf 89' lang='lat'>3,</span> <span class='ocrx_word' id='word_1_601' title='bbox 1777 3246 1796 3288; x_wconf 75' lang='lat' dir='ltr'>S</span> <span class='ocrx_word' id='word_1_602' title='bbox 1820 3247 1902 3280; x_wconf 75' lang='lat'><strong>⁴08:</strong></span> <span class='ocrx_word' id='word_1_603' title='bbox 1927 3248 1997 3281; x_wconf 90' lang='lat' dir='ltr'>Sa-</span> 
     </span>
     <span class='ocr_line' id='line_1_84' title="bbox 1132 3297 1993 3332; baseline 0.002 -2"><span class='ocrx_word' id='word_1_604' title='bbox 1132 3298 1199 3332; x_wconf 84' lang='lat' dir='ltr'>bini</span> <span class='ocrx_word' id='word_1_605' title='bbox 1224 3299 1352 3332; x_wconf 79' lang='lat' dir='ltr'>Velinos</span> <span class='ocrx_word' id='word_1_606' title='bbox 1383 3299 1542 3331; x_wconf 85' lang='lat' dir='ltr'>adcolunt</span> <span class='ocrx_word' id='word_1_607' title='bbox 1566 3299 1660 3330; x_wconf 85' lang='lat' dir='ltr'>lacus</span> <span class='ocrx_word' id='word_1_608' title='bbox 1687 3297 1828 3330; x_wconf 82' lang='lat' dir='ltr'>roscidis</span> <span class='ocrx_word' id='word_1_609' title='bbox 1844 3297 1993 3332; x_wconf 80' lang='lat' dir='ltr'>collibus.</span> 
     </span>
     <span class='ocr_line' id='line_1_85' title="bbox 1131 3347 1994 3388; baseline -0.001 -6"><span class='ocrx_word' id='word_1_610' title='bbox 1131 3349 1206 3382; x_wconf 83' lang='lat' dir='ltr'>Nar</span> <span class='ocrx_word' id='word_1_611' title='bbox 1235 3350 1344 3382; x_wconf 86' lang='lat' dir='ltr'>amnis</span> <span class='ocrx_word' id='word_1_612' title='bbox 1370 3349 1532 3381; x_wconf 76' lang='lat' dir='ltr'>eaehaurit</span> <span class='ocrx_word' id='word_1_613' title='bbox 1557 3348 1633 3380; x_wconf 85' lang='lat' dir='ltr'>illos</span> <span class='ocrx_word' id='word_1_614' title='bbox 1661 3347 1847 3387; x_wconf 79' lang='lat' dir='ltr'>sulphureis</span> <span class='ocrx_word' id='word_1_615' title='bbox 1875 3350 1994 3388; x_wconf 78' lang='lat' dir='ltr'>aquis:</span> 
     </span>
     <span class='ocr_line' id='line_1_86' title="bbox 1134 3397 1995 3439; baseline -0.001 -7"><span class='ocrx_word' id='word_1_616' title='bbox 1134 3398 1272 3432; x_wconf 83' lang='lat' dir='ltr'>Tiberim</span> <span class='ocrx_word' id='word_1_617' title='bbox 1300 3407 1345 3432; x_wconf 75' lang='grc' dir='ltr'>σω</span> <span class='ocrx_word' id='word_1_618' title='bbox 1365 3398 1418 3432; x_wconf 80' lang='lat' dir='ltr'>his</span> <span class='ocrx_word' id='word_1_619' title='bbox 1431 3401 1546 3439; x_wconf 85' lang='lat' dir='ltr'>petens</span> <span class='ocrx_word' id='word_1_620' title='bbox 1566 3397 1670 3438; x_wconf 80' lang='lat' dir='ltr'>replet</span> <span class='ocrx_word' id='word_1_621' title='bbox 1689 3404 1707 3429; x_wconf 85' lang='lat' dir='ltr'>e</span> <span class='ocrx_word' id='word_1_622' title='bbox 1726 3398 1836 3430; x_wconf 83' lang='lat' dir='ltr'>monte</span> <span class='ocrx_word' id='word_1_623' title='bbox 1856 3397 1995 3431; x_wconf 64' lang='lat' dir='ltr'>Fiscello</span> 
     </span>
     <span class='ocr_line' id='line_1_87' title="bbox 1130 3446 1994 3482; baseline -0.002 -1"><span class='ocrx_word' id='word_1_624' title='bbox 1130 3447 1243 3482; x_wconf 82' lang='lat' dir='ltr'>labens</span> <span class='ocrx_word' id='word_1_625' title='bbox 1272 3448 1375 3481; x_wconf 63' lang='lat' dir='ltr'>iux-ta</span> <span class='ocrx_word' id='word_1_626' title='bbox 1406 3447 1561 3482; x_wconf 63' lang='lat' dir='ltr'>Vacunae</span> <span class='ocrx_word' id='word_1_627' title='bbox 1594 3453 1733 3480; x_wconf 83' lang='lat' dir='ltr'>nemora</span> <span class='ocrx_word' id='word_1_628' title='bbox 1763 3447 1796 3479; x_wconf 78' lang='lat' dir='ltr'>et</span> <span class='ocrx_word' id='word_1_629' title='bbox 1825 3446 1926 3481; x_wconf 77' lang='lat' dir='ltr'>Reate</span> <span class='ocrx_word' id='word_1_630' title='bbox 1956 3447 1994 3480; x_wconf 87' lang='lat' dir='ltr'>in</span> 
     </span>
    </p>
   </div>
  </div>
 </body>
</html>
