2254 3770
349 318 432 363 480
827 325 872 368 P.
904 324 1155 370 CORNELII
1184 326 1354 372 TACITI
1382 327 1651 375 ANNALIUM

346 427 512 473 insidiis
531 430 747 487 praesenti
764 443 919 488 opera:
940 431 1193 492 longinquos
1215 440 1354 479 motus
1369 449 1556 493 quonam
1575 436 1705 482 modo
1726 439 1946 498 comprimi
1967 440 2130 498 posse?

347 510 512 548 erectas
535 504 690 550 Gallias
711 505 766 549 ad
785 520 942 551 nomen
965 507 1251 561 dictatorium,
1285 524 1365 554 nec
1389 510 1530 556 minus
1550 526 1784 570 suspensos
1804 515 1929 559 Asiae
1949 514 2132 574 populos

345 579 595 626 claritudine
635 582 702 626 avi
740 582 881 626 Drusi.
928 582 1087 628 Sullam
1125 585 1312 643 inopem,
1351 586 1467 631 unde
1502 588 1780 646 praecipuam
1814 590 2059 643 audaciam,
2091 596 2134 635 et

344 656 632 701 simulatorem
663 658 887 716 segnitiae,
921 658 1023 702 dum
1051 661 1277 704 temeritati
1308 661 1448 706 locum
1477 663 1708 721 reperiret;
1742 663 1936 709 Plautum
1967 666 2132 724 magnis

310 731 499 790 sopibus
529 747 583 777 ne
613 732 774 791 fingere
805 734 982 792 quidem
1011 735 1257 794 cupidinem
1286 737 1380 789 otii,
1413 737 1490 782 sed
1512 744 1706 783 veterum
1727 741 2011 785 Romanorum
2037 741 2133 785 imi-

341 814 528 852 tamenta
556 808 795 866 praeferre,
828 816 1047 868 assumpta
1076 811 1203 855 etiam
1226 812 1463 856 Stoicorum
1495 815 1733 872 arrogantia
1763 821 1988 875 sectaque,
2019 830 2132 875 quae

340 884 536 928 turbidos
567 891 610 929 et
637 886 906 943 negotiorum
935 886 1187 944 adpetentes
1216 887 1351 932 faciat.
1383 902 1465 932 nec
1483 889 1592 933 ultra
1612 904 1745 934 mora.
1783 891 1899 935 Sulla
1919 898 2039 936 sexto
2060 891 2132 937 die

339 960 555 1017 pervectis
585 960 815 1005 Massiliam
843 962 1192 1019 percussoribus,
1234 969 1331 1007 ante
1360 970 1521 1008 metum
1551 971 1594 1009 et
1621 980 1838 1010 rumorem
1868 960 2128 1020 interficitur,

339 1049 437 1080 cum
458 1035 660 1094 epulandi
681 1050 812 1081 causa
831 1037 1133 1082 discumberet.
1164 1038 1343 1082 relatum
1365 1045 1494 1097 caput
1513 1041 1606 1084 eius
1633 1040 1762 1085 illusit
1779 1043 1893 1086 Nero
1913 1049 2130 1101 tamquam

288 1121 325 1152 ἰο
338 1118 610 1170 praematura
638 1113 794 1158 canitie
815 1113 1019 1158 deforme.
1052 1114 1134 1171 (58)
1165 1113 1313 1158 Plauto
1342 1115 1484 1173 parari
1506 1129 1659 1160 necem
1678 1130 1763 1161 non
1782 1117 1963 1175 perinde
1983 1117 2130 1162 occul-

337 1193 426 1231 tum
455 1188 545 1241 fuit,
578 1189 679 1247 quia
709 1188 903 1246 pluribus
931 1189 1046 1233 salus
1074 1189 1167 1233 eius
1195 1189 1447 1245 curabatur;
1478 1197 1520 1236 et
1539 1192 1720 1250 spatium
1743 1192 1905 1237 itineris
1925 1206 1977 1237 ac
1997 1194 2128 1238 maris

335 1269 594 1323 tempusque
623 1264 889 1309 interiectum
910 1262 1104 1309 move'rat
1122 1265 1296 1319 famam3
1327 1265 1544 1325 vulgoque
1563 1265 1779 1325 fingebant
1797 1268 1976 1326 petitum
1999 1268 2053 1313 ab
2073 1282 2127 1313 eo

336 1339 636 1392 Corbulonem,
667 1341 832 1399 magnis
852 1347 941 1384 tum
963 1340 1221 1385 exercitibus
1242 1341 1560 1399 praesidentem
1585 1348 1638 1394 et,
1662 1342 1763 1387 clari
1784 1348 1914 1401 atque
1935 1343 2126 1389 insontes

332 1415 370 1458 si
396 1415 752 1468 interficerentur,
784 1417 1065 1474 praecipuum
1096 1416 1151 1460 ad
1180 1416 1385 1475 pericula.
1416 1417 1519 1475 quin
1549 1423 1591 1461 et
1616 1418 1760 1462 Asiam
1786 1418 1931 1463 favore
1960 1419 2127 1464 iuvenis

283 1501 321 1532 ⁴5
333 1505 451 1536 arma
480 1492 661 1550 cepisse,
694 1506 775 1536 nec
804 1492 959 1536 milites
989 1492 1045 1536 ad
1074 1491 1216 1537 scelus
1239 1493 1393 1537 missos
1414 1499 1487 1536 aut
1502 1507 1682 1537 numero
1703 1493 1868 1538 validos
1892 1501 1966 1538 aut
1985 1495 2125 1540 animo

332 1574 573 1626 promptos,
605 1574 833 1626 postquam
863 1568 982 1612 iussa
1011 1567 1183 1612 efficere
1212 1557 1514 1627 nequiverint,
1533 1568 1586 1612 ad
1618 1583 1718 1627 spes
1744 1583 1877 1613 novas
1904 1570 2124 1615 transisse.

332 1657 441 1687 vana
484 1643 592 1688 haec
630 1657 752 1688 more
788 1643 925 1688 famae
964 1643 1231 1688 credentium
1268 1644 1355 1688 otio
1394 1643 1682 1702 augebantur;
1727 1651 1916 1689 ceterum
1947 1645 2124 1691 libertus

397 1752 428 1786 4.
451 1753 620 1794 praesenti
642 1760 746 1793 opera
768 1752 921 1794 Lipsius:
943 1752 1177 1793 praesentiora
1192 1752 1246 1792 M;
1267 1753 1460 1794 praesentia
1474 1752 1704 1793 Puteolanus3
1725 1754 1894 1795 praesenti
1915 1763 2000 1788 cura
2019 1755 2124 1789 Hein-

331 1805 423 1846 sius;
442 1806 613 1847 praesenti
634 1806 732 1847 copia
754 1806 887 1847 Haase,
914 1804 993 1838 coll.
1019 1805 1052 1845 4,
1077 1805 1132 1839 47.
1161 1824 1197 1830 -
1222 1806 1255 1839 2.
1280 1815 1451 1847 suspensos
1473 1807 1628 1848 Lipsius:
1653 1811 1816 1848 suspectos
1836 1808 1871 1842 M
1895 1826 1931 1833 —
1957 1807 1989 1842 3.
2013 1809 2123 1843 sillam

330 1860 364 1893 M
389 1877 424 1885 —
447 1860 670 1901 praecipuum
692 1859 737 1892 ad
758 1859 939 1893 audaciam
960 1858 1246 1901 Bezzenberger,
1280 1858 1358 1892 coll.
1385 1860 1416 1900 6,
1442 1859 1461 1891 7
1485 1858 1694 1901 (praecipuos
1716 1861 1760 1893 ad
1781 1861 1918 1904 scelera)
1941 1862 1978 1895 et
1999 1861 2053 1901 ⁴4,
2077 1862 2121 1896 58

330 1912 563 1955 (praecipuum
586 1914 632 1946 ad
650 1912 830 1956 pericula).
849 1930 885 1936 —
911 1913 944 1947 4.
969 1913 1152 1946 temeritate
1173 1921 1227 1955 pr.
1246 1913 1280 1946 M
1304 1930 1341 1936 —
1366 1913 1534 1954 repperire
1551 1913 1623 1955 (sic)
1639 1914 1674 1947 M
1697 1931 1734 1937 -
1760 1914 1791 1947 6.
1816 1918 2004 1956 stoycorum
2026 1916 2059 1950 M
2081 1934 2118 1940 —

330 1968 363 2001 7.
387 1976 502 2001 moras
521 1967 597 2000 silla
619 1967 654 2001 M
677 1984 714 1990 —
740 1967 773 2000 9.
797 1967 939 2000 relatum
955 1967 1000 2000 G:
1020 1966 1193 2008 prelatum
1215 1967 1264 2003 M:
1285 1966 1454 2007 perlatum
1473 1966 1541 2000 alii.
1563 1985 1599 1990 -
1625 1970 1787 2007 tanquam
1807 1968 1843 2002 M
1867 1986 1903 1995 —-
1930 1968 1982 2002 40.
2000 1968 2123 2015 canitie

330 2021 475 2069 deforme
494 2021 530 2055 M
551 2039 596 2046 —-
610 2021 744 2063 plautio
764 2022 799 2055 M
814 2039 858 2045 —
881 2020 934 2053 ⁴2.
959 2021 1055 2063 faena
1076 2021 1110 2054 M
1131 2037 1175 2044 --
1195 2019 1340 2062 fingebat
1360 2019 1504 2053 ultimae
1528 2019 1685 2061 syllabae
1705 2022 1946 2064 superscripta
1967 2021 2081 2055 littera
2095 2031 2120 2055 n

327 2075 362 2109 M
387 2092 421 2099 —
458 2075 511 2108 43.
536 2078 568 2108 et
597 2075 649 2109 M:
681 2076 710 2108 si
740 2073 809 2107 alii.
836 2092 872 2097 —-
907 2073 961 2107 44.
985 2075 1013 2107 si
1042 2072 1326 2115 Bezzenberger:
1357 2082 1427 2107 om.
1453 2074 1488 2108 M
1518 2091 1555 2097 -
1585 2083 1670 2115 aava
1689 2074 1806 2116 fabore
1827 2075 1862 2108 M
1886 2092 1924 2098 —
1950 2074 2003 2108 46.
2027 2083 2120 2108 noua

327 2129 362 2162 M
388 2146 424 2153 -
449 2130 620 2162 transisse.
650 2129 743 2162 Vana
765 2129 846 2161 haec
868 2128 1108 2177 Boxhornius:
1133 2128 1340 2160 transissent.
1368 2129 1441 2160 Una
1454 2128 1534 2160 haec
1548 2128 1602 2167 M;
1628 2127 1784 2161 transisse
1798 2137 1880 2161 una.
1904 2128 1985 2161 haec
1998 2127 2115 2171 vulgo.

328 2181 380 2215 Cf.
404 2190 479 2216 var.
504 2181 585 2215 lect.
612 2182 658 2215 ad
680 2191 715 2225 p.
740 2181 816 2223 482,
842 2182 895 2214 45.
924 2199 960 2206 -
987 2182 1052 2214 otio
1074 2182 1126 2215 M:
1152 2182 1269 2214 odiel.
1287 2182 1341 2214 Fr.
1360 2181 1574 2222 Gronovius,
1601 2179 1678 2214 coll.
1696 2181 1783 2215 Hist.
1801 2182 1833 2223 4,
1850 2182 1905 2216 54.
1925 2200 1961 2206 -
1987 2182 2041 2215 47.
2058 2190 2119 2215 au-

325 2235 490 2279 qebwntur
512 2235 666 2270 Modius:
694 2227 881 2278 agebantur
902 2235 948 2269 M.
977 2235 1027 2269 Cf.
1053 2244 1129 2269 var.
1153 2234 1236 2268 lect.
1261 2234 1307 2267 ad
1328 2243 1365 2277 p.
1389 2233 1466 2275 477,
1491 2234 1546 2267 40.
1573 2251 1609 2258 -
1639 2237 1786 2281 ceterum
1807 2235 1852 2269 M.

1291 2322 1346 2356 58.
1372 2323 1515 2363 petitum
1540 2322 1582 2355 ab
1603 2331 1642 2355 eo
1664 2321 1898 2364 Corbulonem]
1928 2322 1951 2356 i.
1977 2331 2010 2356 e.
2034 2321 2115 2365 ruga

326 2324 362 2357 et
383 2322 546 2357 Plautum
570 2323 606 2356 et
628 2323 781 2356 matrem
802 2322 874 2355 iam
889 2321 972 2355 olim
994 2321 1196 2355 interficere

1247 2370 1406 2405 Plautum
1431 2371 1640 2406 Corbulonis
1663 2374 1779 2406 castra
1797 2373 1940 2415 petisse.
1963 2373 2016 2407 De
2031 2373 2116 2407 Cor-

324 2374 418 2407 Nero
445 2372 568 2414 vellet,
600 2372 734 2406 obstitit
762 2372 913 2405 Burrus:
946 2372 1006 2412 43,
1032 2372 1193 2411 ⁴9—203

324 2424 369 2458 cf.
396 2423 449 2465 ⁴4,
474 2425 507 2457 7.
532 2424 666 2457 Rrrrsn.
693 2440 729 2447 ——
760 2423 806 2455 ad
827 2431 946 2455 nomen
968 2422 1195 2464 dictatorium]
1245 2421 1377 2455 bulone
1400 2423 1522 2464 Syriae
1544 2421 1659 2464 legato
1682 2431 1747 2465 pro
1763 2423 1927 2465 praetore
1944 2422 1988 2456 cf.
2006 2431 2037 2456 c.
2055 2423 2111 2458 24.

324 2483 343 2507 a
369 2473 531 2508 Cornelio
555 2472 667 2514 Sulla,
696 2472 757 2515 qui
779 2473 916 2515 primus
939 2471 1090 2505 dictator
1111 2481 1196 2515 per-
1247 2490 1283 2496 -—
1301 2481 1362 2506 nec
1382 2473 1502 2506 milites
1517 2472 1600 2515 cet.]
1624 2472 1781 2515 Explica:
1809 2471 1957 2506 «milites
1973 2472 2018 2507 ad
2034 2482 2114 2507 cae-

322 2526 471 2568 petuus,
496 2524 708 2567 profectum.
736 2542 772 2547 —
808 2522 989 2565 suspensos]
1013 2523 1102 2566 Apte
1127 2524 1195 2556 hoc
1245 2523 1329 2556 dem
1362 2523 1490 2556 missos
1522 2531 1639 2564 neque
1668 2531 1818 2556 numero
1843 2522 1978 2557 validos
2001 2523 2115 2565 (erant

322 2575 518 2618 respondet
549 2576 755 2616 antegresso
778 2577 924 2614 erectas,
956 2573 992 2606 id
1016 2572 1113 2615 quo'd
1135 2582 1195 2607 re-

323 2627 473 2669 quiritur
495 2626 540 2659 ob
566 2625 725 2659 additum
746 2634 806 2658 nec
822 2625 946 2665 minus,
971 2625 1006 2657 et
1020 2623 1193 2658 ablativus

321 2677 521 2710 claritudine
543 2676 594 2709 sic
616 2675 710 2708 bene
734 2684 775 2709 se
795 2674 916 2708 babet.
949 2674 1099 2715 suspecti
1121 2674 1193 2707 ola-

320 2729 468 2762 ritudine
489 2729 547 2761 avi
568 2727 673 2760 Drusi
696 2726 876 2769 quomodo
899 2726 997 2758 recte
1022 2725 1090 2758 dici
1113 2733 1193 2767 pos-

322 2780 391 2812 sint
412 2779 515 2812 Asiae
538 2776 674 2821 populi,
700 2777 791 2810 iuste
816 2776 943 2818 exponi
966 2775 1101 2817 nequit,
1126 2784 1191 2808 ne-

322 2838 392 2872 que
415 2830 470 2862 his
492 2828 660 2862 invidiam
683 2828 871 2869 paraturus
895 2827 973 2859 erat
991 2824 1188 2867 Tigellinus,

322 2879 388 2913 sed
409 2880 471 2912 uni
492 2878 624 2913 Plauto.
649 2879 782 2911 Rirrnn.
812 2894 845 2900 --
874 2877 931 2909 avi
952 2876 1068 2919 Drusi]
1100 2877 1190 2908 Nam

321 2930 438 2963 mater
459 2928 569 2962 Plauti
593 2928 667 2961 erat
692 2926 793 2968 Iulia,
825 2925 894 2959 filia
917 2926 1040 2967 Drusi,
1074 2925 1188 2967 neptis

320 2980 466 3021 Tiberii,
502 2978 683 3022 proneptis
714 2977 871 3018 Augusti.
899 2993 937 3000 -
962 2975 1189 3008 simulatorem

320 3029 490 3073 segnitiae]
517 3029 567 3063 Cf.
588 3028 641 3069 43,
660 3027 722 3061 47ε
746 3035 857 3059 socors
878 3026 1047 3068 ingenium
1069 3026 1139 3059 eius
1152 3026 1189 3059 in

319 3081 529 3113 contrarium
554 3078 689 3111 trahens
719 3076 938 3116 callidumque
960 3079 992 3108 et
1013 3075 1188 3108 simtdato-

318 3140 390 3164 rem
403 3129 664 3172 interpretando.
676 3145 713 3150 —
726 3135 786 3159 nec
799 3127 891 3158 ultra
905 3124 1014 3168 mora]
1031 3125 1082 3159 Cf.
1097 3126 1185 3159 Hist.

319 3181 353 3222 2,
370 3181 407 3215 34
423 3191 430 3214 :
456 3190 514 3214 nec
535 3180 630 3213 ultra
646 3186 747 3220 penes
764 3176 953 3210 Vitellianos
966 3184 1081 3216 mora,
1107 3176 1188 3217 quin

319 3234 395 3265 totis
415 3232 545 3265 viribus
565 3232 743 3264 certarent.
765 3244 800 3252 -
824 3226 977 3269 relatum]
1001 3236 1020 3259 a
1042 3236 1188 3269 percus-

319 3281 460 3315 soribus
482 3282 630 3314 Romam
654 3277 764 3322 (unde
783 3276 963 3321 profectus
981 3278 1056 3308 erat
1072 3277 1106 3309 in
1125 3286 1188 3310 ex-

319 3331 444 3374 silium)
470 3341 489 3365 e
505 3330 668 3366 Massilia.
694 3329 746 3363 Cf.
766 3337 796 3362 c.
814 3328 876 3361 ὅθι
901 3330 1002 3367 caput
1022 3327 1186 3369 interfecti

317 3381 474 3414 relatum.
504 3383 640 3415 Seneca
663 3380 726 3422 Ep.
744 3378 798 3419 83,
816 3378 877 3411 25:
902 3376 983 3408 haec
1007 3375 1183 3419 (ebrietas)

318 3430 482 3465 crudelem
513 3431 590 3474 fecit
623 3430 681 3473 (M.
705 3426 927 3468 Antonium),
962 3433 1038 3458 cum
1071 3427 1185 3468 capita

314 3479 507 3523 principum
527 3479 673 3514 civitatis
693 3477 825 3512 conanti
845 3475 1063 3519 referrentur.

1244 2573 1437 2614 sexaginta)
1467 2581 1585 2614 neque
1613 2573 1731 2606 animo
1768 2573 1954 2616 promptos
1982 2573 2110 2613 fuisse;

1244 2623 1412 2665 eosdem,
1444 2624 1678 2666 posteaquam
1701 2624 1797 2657 iussa
1821 2623 1962 2657 efficere
1985 2624 2113 2666 nequi-

1243 2675 1377 2715 verint,
1403 2674 1449 2708 ad
1471 2672 1632 2707 Plautum
1655 2675 1823 2708 transisse
1839 2684 1897 2709 res
1913 2683 2022 2709 novas
2037 2683 2113 2708 mo-

1242 2723 1421 2757 lientem.»
1452 2723 1591 2757 Scilicet
1613 2725 1751 2766 negatio
1773 2734 1833 2758 nec
1853 2733 1925 2758 non
1940 2723 1985 2757 ad
1999 2725 2111 2758 totam

1243 2774 1537 2816 enuntiationem,
1571 2774 1635 2808 sed
1665 2774 1711 2807 ad
1733 2773 1807 2808 sola
1830 2773 1941 2807 verba
1963 2776 2025 2807 aut
2043 2783 2111 2808 nu-

1240 2832 1332 2857 mero
1363 2825 1493 2858 validos
1525 2828 1586 2858 aut
1614 2825 1729 2858 animo
1751 2827 1922 2866 promptos
1942 2824 2108 2866 pertinet.

1242 2874 1293 2907 Cf.
1320 2874 1374 2915 ⁴2,
1400 2874 1458 2907 36:
1494 2874 1536 2907 At
1557 2884 1624 2908 non
1647 2875 1832 2908 Caratacus
1853 2877 1913 2907 aut
1933 2875 2029 2907 vultu
2050 2875 2109 2907 do-

1238 2924 1337 2965 misso
1359 2928 1420 2957 aut
1440 2925 1548 2958 verbis
1561 2925 1826 2959 misericordiam
1843 2925 2029 2966 requirens,
2051 2924 2109 2957 ubi

1238 2973 1400 3007 tribunali
1423 2975 1545 3017 astitit,
1578 2975 1614 3007 in
1635 2975 1721 3007 hunc
1742 2975 1877 3007 modum
1898 2974 2025 3007 luciam
2046 2977 2103 3007 est.

1242 3041 1277 3047 —
1302 3032 1395 3057 more
1414 3024 1542 3067 famae]
1572 3025 1628 3058 Sic
1654 3025 1730 3058 Hist
1751 3023 1792 3065 4,
1817 3025 1876 3058 50:
1908 3032 2055 3066 veraque
2075 3027 2107 3058 ot

1236 3074 1325 3109 falsa
1345 3083 1437 3107 more
1456 3074 1569 3116 famae
1589 3076 1627 3108 in
1651 3075 1762 3108 maius
1782 3075 1963 3108 innotuere.
1984 3091 2022 3098 —
2037 3074 2105 3107 otio

1238 3123 1461 3166 augebantur]
1491 3124 1677 3158 hominum
1707 3126 1901 3166 otiosorum
1923 3131 2100 3164 sermone,

1237 3182 1381 3217 semper
1410 3175 1478 3208 hoc
1503 3183 1614 3208 unum
1640 3176 1931 3217 interrogantium
1956 3174 1993 3208 τί
2016 3183 2105 3207 και-

1236 3221 1305 3257 νόν
1313 3235 1327 3264 ‚·
1349 3226 1389 3258 ut
1411 3227 1466 3258 est
1486 3225 1577 3259 Actt.
1602 3227 1723 3269 Apost.
1749 3226 1803 3267 47,
1827 3226 1888 3259 2⁴:
1910 3221 2103 3268 Ἀθηναῖοι

1235 3273 1277 3307 δὲ
1304 3273 1442 3316 πάντες
1471 3276 1537 3309 καὶ
1560 3276 1601 3308 οἱ
1628 3274 1900 3320 ἐπιδημοῦντες
1922 3273 2023 3317 ξένοι
2046 3276 2102 3318 εἰς

1236 3321 1347 3358 οὐδὲν
1377 3320 1506 3373 ἕτερον
1528 3323 1750 3374 εὐκαίρουν,
1784 3322 1812 3370 ἢ
1836 3325 1956 3370 λέγειν
1977 3335 2014 3358 τι
2034 3326 2101 3360 καὶ

1234 3373 1392 3409 ἀκούειν
1406 3373 1639 3424 καινότερον.
1657 3379 1779 3419 Neque
1791 3384 1876 3410 vero
1888 3375 2097 3411 obliviscere

1234 3426 1414 3459 Horatiani
1428 3426 1518 3461 illius
1529 3426 1640 3470 Epod.
1653 3428 1687 3467 ὅ,
1700 3425 1759 3459 43:
1783 3426 1827 3460 Et
1840 3427 1946 3459 otiosa
1960 3427 2099 3460 credidit

1232 3475 1391 3518 Neapolis
1412 3478 1481 3511 cet.
1508 3492 1545 3501 -
1577 3477 1615 3510 L.
1639 3475 1787 3519 Antistii]
1820 3475 1873 3510 ef.
1897 3476 1952 3519 43,
1978 3477 2031 3511 44.
2057 3492 2094 3501 -
