2254 3770
692 316 847 361 LIBER
876 316 926 359 ΙΙ.
972 315 1073 372 Cap.
1103 313 1170 358 711.
1200 314 1268 358 72.
1299 313 1367 356 73.
1400 337 1406 345 ‹
1846 312 1928 358 ⁴29

139 425 342 470 ultionem
372 424 619 469 amissuros.
666 423 747 480 (72)
778 429 868 466 tum
897 421 952 465 ad
984 435 1160 465 uxorem
1180 434 1334 466 versus
1362 433 1442 478 per
1460 419 1713 464 memoriam
1732 419 1817 469 sui,
1848 433 1929 476 per

139 513 388 546 communes
416 498 577 543 liberos
607 497 765 549 oravit,
807 504 985 541 exueret
1011 496 1234 548 ferociam,
1277 496 1482 540 saevienti
1512 495 1706 540 fortunae
1736 494 1929 538 summit-

139 582 247 621 teret
275 576 482 626 animum,
522 588 608 618 neu
645 587 846 631 regressa
884 573 927 616 in
957 573 1110 617 urbem
1139 571 1424 616 aemulatione
1452 570 1670 630 potentiae
1698 570 1928 614 validiores

139 651 341 695 inritaret.
392 649 501 694 haec
534 649 676 708 palam
713 655 756 693 et
793 648 875 692 alia
916 654 1105 700 secreto,
1151 661 1231 705 per
1259 660 1372 705 quae
1413 646 1642 691 ostendere
1672 644 1930 690 credebatur

140 733 299 771 metum
328 739 383 770 ex
411 725 594 769 Tiberio.
640 738 784 782 neque
813 722 945 767 multo
974 729 1072 781 post
1101 722 1379 780 extinguitur,
1420 723 1576 781 ingenti
1610 721 1727 766 luctu
1756 721 1962 779 provin-5

141 802 234 847 ciae
263 807 307 846 et
326 798 1011 857 circumiacentiumpopulorum.
1043 797 1266 843 indoluere
1287 803 1460 842 exterae
1481 797 1676 842 nationes
1696 810 1930 855 regesque:

141 883 255 922 tanta
291 875 349 919 illi
385 876 563 920 comitas
601 875 644 918 in
684 875 846 926 socios,
885 872 1171 918 mansuetudo
1208 873 1251 916 in
1289 872 1459 926 hostes;
1499 873 1682 932 visuque
1712 879 1755 917 et
1783 872 1932 917 auditu

142 952 257 996 iuxta
295 950 570 1002 venerabilis,
616 964 715 995 cum
753 949 1090 1007 magnitudinem
1129 955 1172 992 et
1216 949 1465 1006 gravitatem
1508 948 1930 993 summae'l'ortunae

143 1027 361 1078 retineret,
395 1026 598 1070 invidiam
627 1032 669 1070 et
699 1025 991 1083 adrogantiam
1021 1023 1240 1082 effugerat.
1287 1023 1368 1081 (73)
1400 1023 1525 1067 l'unus
1554 1024 1647 1068 sine
1677 1023 1934 1082 imaginibus

143 1109 186 1147 et
214 1116 388 1161 pompa,
421 1116 499 1160 per
527 1101 680 1146 laudes
711 1115 762 1145 ac
790 1100 1043 1145 memoriam
1066 1100 1268 1143 virtutum
1297 1099 1392 1143 eius
1422 1098 1594 1144 celebre
1622 1098 1711 1143 fuit.
1742 1105 1786 1143 et
1813 1105 1984 1144 erantio

143 1179 218 1236 qui
247 1178 427 1222 sormam
456 1184 638 1222 aetatem
667 1190 804 1234 genus
835 1176 1002 1227 mortis,
1034 1174 1090 1219 ob
1119 1174 1483 1233 propinquitatem
1513 1174 1641 1218 etiam
1669 1174 1864 1219 locorum
1891 1176 1936 1218 in

142 1253 301 1311 quibus
340 1253 518 1305 interiit,
558 1252 701 1310 magni
731 1250 958 1296 Alexandri
992 1250 1087 1294 fatis
1117 1250 1421 1309 adaequarent.
1439 1264 1550 1294 -nam
1579 1257 1810 1309 utrumque
1840 1264 1938 1295 cor-

142 1333 249 1387 ‘pore
279 1327 458 1380 decoro,
489 1341 649 1386 genere
677 1327 847 1385 insigni,
879 1325 996 1370 haud
1015 1325 1193 1370 multum
1213 1326 1383 1384 triginta
1403 1340 1537 1370 annos
1558 1340 1800 1384 egressum,
1834 1340 1937 1371 suo-

143 1419 240 1448 rum
269 1403 434 1448 insidiis
455 1410 653 1448 externas
674 1403 784 1447 inter
804 1409 954 1460 gentes
974 1401 1209 1446 occidisse:
1241 1402 1320 1446 sed
1341 1401 1454 1446 hunc
1472 1402 1618 1446 mitem
1638 1416 1741 1460 erga
1761 1402 1935 1454 amicos,

144 1480 361 1524 modicum
381 1478 664 1537 voluptatum,
697 1492 782 1522 uno
802 1477 1091 1528 matrimonio,
1123 1476 1251 1521 certis
1276 1476 1424 1521 liberis
1444 1477 1603 1536 egisse,
1634 1491 1778 1536 neque
1797 1478 1989 1522 minusue

143 1554 470 1614 proeliatorem,
509 1555 675 1599 etiamsi
713 1554 929 1598 temeritas
966 1552 1118 1597 afuerit
1145 1552 1515 1611 praepeditusque
1544 1553 1598 1597 sit
1626 1553 1849 1611 perculsas
1879 1560 1941 1598 tot

146 1630 334 1675 victoriis
376 1629 626 1674 Germanias
665 1629 839 1673 servitio
877 1642 1090 1687 premere.
1143 1627 1262 1686 quod
1298 1631 1334 1671 si
1370 1627 1489 1672 solus
1519 1628 1678 1673 arbiter
1706 1642 1872 1681 rerum,
1904 1629 1941 1672 si

154 1706 247 1750 iure
278 1712 321 1750 et
349 1705 522 1748 nomine
551 1704 670 1762 regio
700 1704 868 1755 fuisset,
909 1711 1023 1748 tanto
1052 1704 1292 1762 promptius
1321 1703 1626 1748 adsecuturum
1655 1703 1835 1763 gloriam
1862 1704 1944 1748 mi-

144 1780 284 1833 litiae,
317 1787 526 1839 quantum
555 1779 803 1831 clementia,
836 1780 1134 1838 temperantia,
1176 1779 1332 1830 ceteris
1360 1779 1486 1823 bonis
1516 1780 1678 1824 artibus
1707 1780 1944 1838 praestitis-

151 1863 229 1901 set.
269 1869 428 1914 corpus
458 1862 555 1901 ante
585 1869 716 1914 quam
746 1861 1011 1900 cremaretur
1039 1854 1246 1899 nudatum
1275 1855 1318 1899 in
1346 1855 1439 1900 foro
1465 1855 1836 1907 Antiochensium,
1868 1855 1993 1914 quiso

156 2009 816 2069 ¹2.eaxsueretM—saeulentillss—
850 2032 1531 2067 &muniamini—tostenderm-
1557 2034 1589 2067 6.
1614 2030 1946 2069 etouiacentimnm

150 2107 188 2114 —
212 2091 245 2124 8.
269 2090 473 2125 uenerabiles
499 2092 535 2126 M
569 2109 606 2114 —
643 2091 696 2125 ⁴3.
721 2099 840 2134 genere
867 2091 990 2133 insigni
1018 2089 1164 2124 seclusit
1191 2089 1407 2133 Nipperdey.
1445 2108 1482 2114 -
1521 2091 1575 2124 ⁴6.
1603 2092 1888 2133 praepuditusque
1909 2090 1946 2126 M

147 2148 440 2190 (praepeditusque
461 2146 595 2190 margo)
623 2165 660 2172 —
686 2148 740 2181 ⁴7.
764 2146 949 2185 serulluitio
971 2156 1026 2190 pr.
1044 2148 1096 2187 M;
1127 2145 1302 2183 serilluc'tio
1326 2155 1418 2181 corr.
1442 2148 1477 2182 Μ
1502 2165 1539 2171 -
1570 2156 1750 2189 praemere
1770 2149 1816 2183 Μ.

151 2303 366 2347 colloquium
398 2303 724 2346 interpretantibus.
751 2321 788 2328 —
823 2306 948 2337 metum
979 2312 1024 2337 ex

154 2353 290 2396 Tiberio]
322 2354 460 2396 coniugi
483 2362 526 2387 ac
553 2353 675 2387 liberis
698 2354 955 2387 imminentem.
984 2371 1020 2377 -

151 2403 375 2448 extinyw'tur]
401 2413 434 2437 a.
458 2404 494 2437 d.
514 2404 672 2447 VI.,Idus
687 2403 831 2437 Octobr.
857 2405 961 2437 Certe
977 2403 1024 2436 ad

151 2455 246 2487 hunc
273 2453 370 2487 diem
397 2454 434 2487 in
462 2453 671 2487 Kalendario
695 2454 869 2487 Antiatino
894 2455 1021 2495 (Inscr.

152 2505 226 2538 Lat.
251 2505 308 2537 III.
334 2514 371 2537 n.
396 2503 512 2546 6445):
543 2506 686 2538 INFER.
719 2505 954 2539 GERMANIG.
980 2523 1024 2529 —

151 2558 287 2588 exterae
307 2555 459 2587 nationes
479 2555 647 2597 regesque]
675 2555 820 2587 Sueton.
847 2553 954 2596 Calig.
980 2556 1020 2588 5:

147 2613 269 2646 reyum
297 2604 400 2637 etiam
428 2613 539 2646 regem
567 2607 600 2637 et
620 2604 860 2637 exercitatione
881 2603 1024 2636 venandi

149 2657 185 2687 et
198 2655 353 2687 convictu
369 2655 590 2696 megistanum
604 2655 813 2695 abstinuisse,
831 2655 920 2696 quod
934 2655 1025 2696 apud

155 2705 294 2738 Parthos
313 2706 435 2739 institit
448 2706 559 2738 instar
573 2709 631 2739 est.
651 2723 687 2729 -
706 2707 845 2747 visuque
859 2723 879 2729 -
890 2723 910 2729 -
923 2714 1025 2738 vene-

148 2754 283 2797 rabilis]
301 2753 542 2788 Pulcherrima
555 2756 755 2788 Germanici
768 2757 823 2788 est
838 2755 972 2796 effigies
988 2754 1024 2787 in

147 2805 312 2838 -Visconti
332 2805 484 2847 [conoqr.
511 2806 601 2838 Rom.
627 2805 712 2838 Tab.
737 2806 853 2839 XXIV.
893 2804 1024 2838 Tabula

147 2863 233 2897 seq.
263 2854 452 2888 exhibetur
479 2856 587 2889 etiam
616 2856 816 2898 Agrippina.
850 2874 887 2880 —
920 2856 1025 2888 adro-

154 2905 308 2947 gantiam
339 2906 512 2948 efflaqerat]
547 2906 611 2939 Dio
642 2907 703 2947 57,
729 2906 770 2939 48
805 2907 840 2939 in
874 2905 1022 2949 pulchro

147 2956 354 2989 ⁴Germanici
370 2955 499 2998 elogio:
523 2954 728 2998 κάλλιστος
742 2956 814 3000 μὲν
833 2955 878 2989 τὸ
895 2955 1021 2999 σῶμα,

145 3000 314 3052 ’ἄριστος
343 3006 408 3038 καὶ
430 3003 500 3049 τὴν
522 3003 659 3049 ψυχὴν
681 3002 777 3047 ἔφυ·
809 3004 961 3051 παιδείᾳ
983 3015 1024 3038 τε

156 3050 240 3099 ἅμα
261 3056 328 3101 κα)
349 3051 459 3103 ῥώμῃ
482 3055 677 3104 διέπρεπε·
709 3057 777 3090 καὶ
800 3053 911 3091 οὐδὲν
934 3053 1023 3090 οὐδὲ

145 3103 252 3165 ’πρὸς
266 3103 357 3148 τοὺς
373 3104 614 3154 ἀρχομένους
630 3107 809 3149 ἐπαχθές,
823 3104 913 3141 οὐδὲ
928 3104 1024 3154 πρὸς

144 3160 225 3188 ’τον
246 3155 423 3203 Δροῦσον
445 3156 677 3198 ἐπίφθονον,
710 3154 800 3191 οὐδὲ
830 3154 926 3204 πρὸς
956 3153 1024 3189 τὸν

151 3204 333 3253 Τιβέριον
364 3205 536 3240 ἐπαίτιον
559 3202 763 3254 ἔπραττεν,
793 3202 891 3239 ἀλλὰ
913 3215 1025 3239 συνε-

150 3251 263 3288 λόντι
285 3256 403 3290 εἰπεῖν
425 3255 466 3290 ἐν
489 3252 633 3300 ὀλίγοις
653 3254 730 3289 τῶν
760 3253 913 3289 πώποτε
936 3250 1025 3289 οὔτε

161 3299 348 3353 ἐξήμαρτέ
369 3315 407 3340 τι
428 3305 468 3347 ἐς
490 3303 561 3350 τὴν
584 3302 811 3353 ὑπάρξασαν
833 3300 935 3349 αὐτῷ
958 3302 1025 3338 τύ-

152 3351 252 3395 ’κηῆ
285 3350 365 3389 οὔτ’
396 3352 514 3398 αὐτὸς
544 3353 606 3390 ὑπ’
641 3355 788 3399 ἐκείνης
820 3352 1021 3402 διεφθάρη.

163 3401 215 3436 Cf.
237 3404 378 3439 sueton.
404 3406 510 3449 Calig.
535 3406 569 3440 3.

205 3451 260 3487 73,
287 3455 358 3489 siue
383 3456 594 3501 unaqtntbus]
624 3465 716 3500 quae
744 3458 876 3492 Romae
906 3463 1025 3490 asser-

231 3513 371 3552 'I'Acrrus
391 3519 420 3553 1.

1072 2303 1248 2337 vahantur
1269 2304 1305 2336 in
1329 2303 1417 2336 atrio
1441 2303 1570 2337 domus
1593 2304 1804 2338 Germanici.
1830 2322 1866 2329 ·—
1892 2307 1947 2339 lo—

1072 2354 1198 2396 corum]
1235 2353 1442 2386 Antiochiae
1481 2354 1517 2386 et
1549 2353 1752 2395 Babylonis.
1798 2355 1945 2397 Egregie

1074 2407 1194 2437 autem
1216 2404 1268 2437 sic
1291 2404 1526 2446 interponitur
1548 2404 1754 2438 membrum
1774 2406 1948 2439 secunda-

1073 2455 1183 2494 rium,
1208 2454 1384 2487 rationem
1408 2463 1606 2496 exponens,
1641 2463 1706 2488 cur
1728 2455 1835 2489 etiam
1858 2456 1947 2490 saci-

1073 2503 1139 2537 lius
1171 2512 1252 2536 eam
1283 2503 1319 2536 in
1343 2505 1647 2546 comparationem
1669 2504 1856 2538 inciderint
1878 2506 1947 2539 ho-

1075 2554 1207 2594 mines;
1241 2562 1358 2596 neque
1388 2563 1474 2587 vero
1498 2554 1618 2588 dicere
1640 2556 1779 2597 poterat
1801 2558 1947 2598 propin-

1075 2606 1236 2648 quitatem
1251 2604 1351 2637 etiam
1364 2604 1514 2637 locorum
1529 2624 1550 2631 -
1560 2622 1579 2629 -
1593 2606 1833 2646 adaequarent.
1858 2608 1945 2641 Mire

1074 2656 1195 2686 tamen
1217 2655 1252 2686 in
1274 2653 1329 2686 his
1351 2653 1547 2687 haeserunt
1561 2655 1723 2696 Ursinus,
1748 2656 1943 2699 Ernestius,

1074 2706 1222 2748 ipseque
1235 2703 1396 2738 Walther
1408 2706 1669 2738 contortissima
1686 2706 1822 2740 ratione
1835 2707 1945 2742 verba

1071 2756 1236 2798 formam,
1261 2758 1422 2796 aetatem,
1450 2764 1553 2798 qenus
1572 2758 1692 2789 mortis
1712 2765 1777 2799 pro
1801 2766 1946 2791 accusa-

1075 2807 1153 2839 tivis
1187 2807 1330 2839 Graecis
1360 2807 1537 2848 accipiens
1569 2807 1605 2840 et
1636 2807 1681 2840 ad
1703 2816 1737 2840 v.
1762 2812 1946 2850 aequarent

1074 2854 1244 2898 supplens
1268 2856 1516 2889 Germanicum.
1536 2873 1571 2879 —
1597 2857 1774 2899 egressum]
1797 2858 1944 2892 Alexan-

1075 2906 1140 2939 der
1161 2906 1246 2938 vixit
1267 2914 1380 2938 annos
1401 2906 1539 2947 XXXII,
1566 2915 1712 2941 menses
1737 2909 1829 2949 VIII,
1855 2911 1943 2942 Ger-

1075 2956 1235 2989 manicus
1265 2963 1377 2988 annos
1400 2956 1548 2988 XXXIV.
1574 2973 1611 2980 —
1643 2966 1782 2991 suorum
1801 2958 1943 3000 insidiis]

1075 3006 1324 3038 Germanicum
1347 3006 1456 3048 patris
1480 3007 1586 3048 atque
1609 3008 1725 3048 aviae,
1751 3017 1842 3050 quae
1861 3010 1943 3051 qui-

1074 3055 1158 3088 dem
1181 3053 1334 3096 vulgaris
1365 3056 1441 3088 erat
1463 3056 1591 3098 opinio.
1629 3058 1731 3097 Quod
1753 3060 1872 3091 autem
1895 3059 1942 3092 ad

1073 3104 1312 3138 Alexandrum
1327 3105 1462 3146 attinet,
1487 3106 1577 3139 haec
1592 3106 1704 3140 verba
1720 3109 1881 3149 spectant
1895 3108 1942 3142 ad
1972 3120 1974 3123 ’

1074 3154 1224 3194 famam,
1253 3162 1324 3196 qua
1346 3154 1428 3187 huic
1452 3164 1595 3197 quoque
1618 3165 1795 3189 venenum
1818 3158 1942 3193 datum

1074 3213 1154 3238 esse
1171 3204 1344 3246 ferebant,
1362 3214 1581 3248 quamquam
1592 3205 1778 3239 Plutarcho
1793 3210 1940 3243 auctore

1076 3256 1118 3297 (c.
1143 3255 1196 3296 77)
1228 3255 1269 3287 οἱ
1292 3253 1465 3289 πλεῖστοι
1486 3254 1556 3289 τὸν
1577 3254 1693 3300 λόγον
1715 3251 1814 3298 ὅλως
1836 3257 1940 3292 οἷόν-

1073 3315 1136 3338 ται
1158 3302 1376 3339 πεπλάσθαι
1397 3304 1465 3340 τὸν
1488 3307 1573 3353 περὶ
1594 3305 1662 3349 τῆς
1680 3310 1936 3354 φαρμακείας.

1075 3356 1205 3389 Contra
1226 3357 1379 3391 Iustinus
1396 3358 1450 3398 ⁴2,
1468 3357 1509 3390 43
1534 3358 1664 3390 famam
1679 3358 1784 3391 istam
1799 3363 1937 3396 asserit.

1077 3422 1114 3428 —
1139 3407 1238 3440 cortis
1257 3406 1378 3448 liberis]
1402 3406 1584 3449 legitimis,
1616 3407 1755 3449 spurios
1782 3408 1939 3446 habebat

1072 3454 1289 3498 Alexander,
1313 3457 1353 3490 ut
1374 3454 1564 3490 Herculem
1587 3464 1631 3489 ex
1645 3457 1803 3492 Barsine.
1819 3476 1857 3485 —
1875 3461 1940 3495 ad-

1630 3516 1657 3558 9
